% ----- A -----
@Book{Aitkaci-91,
  author =    {H. A\"{\i}t-Kaci},
  title =     {{Warren's Abstract Machine -- A Tutorial Reconstruction}},
  year =      {1991},
  publisher = {The MIT Press},
}

@InProceedings{Alba-02,
  author =    {E. Alba and F. Almeida and M. J. Blesa and J. Cabeza and C. Cotta and M. Díaz
               and I. Dorta and J. Gabarró and C. León and J. Luna and L. M. Moreno
               and C. Pablos and J. Petit and A. Rojas and F. Xhafa},
  title =     {{MALLBA: A Library of Skeletons for Combinatorial Optimisation (Research Note)}},
  booktitle = {International Euro-Par Conference},
  pages =     {927--932},
  number =    {2400},
  series =    {LNCS},
  publisher = {Springer},
  year =      {2002},
}

@Article{Ali-86,
  author =  {K. Ali},
  title =   {{Or-parallel Execution of Prolog on a Multi-Sequential Machine}},
  journal = {International Journal of Parallel Programming},
  year =    {1986},
  volume =  {15},
  number =  {3},
  pages =   {189--214},
  OPTmonth =   {June},
}

@InProceedings{Ali-87,
  author =    {K. Ali},
  title =     {{A Method for Implementing Cut in Parallel Execution of Prolog}},
  booktitle = {International Logic Programming Symposium},
  pages =     {449--456},
  year =      {1987},
  OPTmonth =     {October},
  publisher = {IEEE Computer Society},
  OPTaddress =   {San Francisco, California},
}

@Article{Ali-90a,
  author =  {K. Ali and R. Karlsson},
  title =   {{The Muse Approach to OR-Parallel Prolog}},
  journal = {International Journal of Parallel Programming},
  year =    {1990},
  volume =  {19},
  number =  {2},
  pages =   {129--162},
  OPTmonth =   {April},
}

@Article{Ali-90b,
  author =  {K. Ali and R. Karlsson},
  title =   {{Full Prolog and Scheduling OR-Parallelism in Muse}},
  journal = {International Journal of Parallel Programming},
  volume =  {19},
  number =  {6},
  pages =   {445--475},
  OPTmonth =   {December},
  year =    {1990},
}

@Article{Ali-92a,
  author =  {K. Ali and R. Karlsson},
  title =   {{Scheduling Speculative Work in MUSE and Performance Results}},
  journal = {International Journal of Parallel Programming},
  year =    {1992},
  volume =  {21},
  number =  {6},
  pages =   {449--476},
  OPTmonth =   {December},
}

@Article{Ali-92b,
  author =  {K. Ali and R. Karlsson and S. Mudambi},
  title =   {{Performance of Muse on Switch-Based Multiprocessor Machines}}, 
  journal = {New Generation Computing},
  year =    {1992},
  volume =  {11},
  number =  {1 \& 4},
  pages =   {81--103},
}

@InProceedings{Ali-92c,
  author =    {K. Ali and R. Karlsson},
  title =     {{OR-Parallel Speedups in a Knowledge Based System: on Muse and Aurora}},
  booktitle = {International Conference on Fifth Generation Computer Systems},
  year =      {1992},
  OPTmonth =     {June},
  pages =     {739--745},
  publisher = {Association for Computing Machinery},
  OPTaddress =   {Tokyo, Japan}
}

@Article{Ali-98,
  author =    {K. Ali},
  title =     {{A Simple Generational Real-Time Garbage Collection Scheme}},
  journal =   {New Generation Computing},
  publisher = {Ohmsha and Springer},
  year =      {1998},
  volume =    {16},
  number =    {2},
  pages =     {201--221},
}

@Article{Apt-82,
  author =  {K. Apt and M. van Emden},
  title =   {{Contributions to the Theory of Logic Programming}},
  journal = {Journal of the ACM},
  year =    {1982},
  volume =  {29},
  number =  {3},
  pages =   {841--862},
  OPTmonth =   {July},
}

@Article{Apt-94,
  author =  {K. Apt and R. Bol},
  title =   {{Logic Programming and Negation: A Survey}},
  journal = {Journal of Logic Programming},
  year =    {1994},
  volume =  {19 \& 20},
  pages =   {9--72},
  OPTmonth =   {May},
}

@Article{Araujo-97,
  author =  {L. Araujo and J. Ruz},
  title	=   {{A Parallel Prolog System for Distributed Memory}},
  journal = {Journal of Logic Programming},
  number =  {1},
  volume =  {33},
  pages =   {49--79},
  year =    {1997},
}


@MastersThesis{Areias-msc,
  author =  {M. Areias},
  title =   {{On Applying Linear Tabling to Logic Programs}},
  school =  {University of Porto},
  address = {Portugal},
  month =   {September},
  year =    {2010},
  type =    {{MSc Thesis}},
}

@InProceedings{Areias-10,
  author =    {M. Areias and R. Rocha},
  title =     {{An Efficient Implementation of Linear Tabling Based on Dynamic Reordering of Alternatives}},
  booktitle = {International Symposium on Practical Aspects of Declarative Languages},
  pages =     {279--293},
  number =    {5937},
  series =    {LNCS},
  publisher = {Springer},
  OPTeditor =    {M. Carro and R. Peña},
  OPTmonth =     {January},
  year =      {2010},
  OPTaddress =   {Madrid, Spain},
}

@Article{Areias-11,
  author =    {M. Areias and R. Rocha},
  title =     {{On Combining Linear-Based Strategies for Tabled Evaluation of Logic Programs}},
  journal =   {Journal of Theory and Practice of Logic Programming,
               International Conference on Logic Programming, Special Issue},
  pages =     {681--696},
  volume =    {11},
  number =    {4--5},
  OPTmonth =     {July},
  year =      {2011},
}

@Article{Areias-12a,
  author =    {M. Areias and R. Rocha},
  title =     {{Towards Multi-Threaded Local Tabling Using a Common Table Space}},
  journal =   {Journal of Theory and Practice of Logic Programming,
               International Conference on Logic Programming, Special Issue},
  pages =     {427--443},
  volume =    {12},
  number =    {4 \& 5},
  OPTmonth =     {September},
  year =      {2012},
}

@InProceedings{Areias-12b,
  author =    {M. Areias and R. Rocha},
  title =     {{An Efficient and Scalable Memory Allocator for Multithreaded Tabled Evaluation of Logic Programs}},
  booktitle = {International Conference on Parallel and Distributed Systems},
  publisher = {IEEE Computer Society},
  pages =     {636--643},
  year =      {2012},
  OPTeditor =    {--},
  OPTmonth =     {December},
  OPTaddress =   {Singapore},
}

@InProceedings{Areias-12c,
  author =    {M. Areias and R. Rocha},
  title =     {{On Extending a Linear Tabling Framework to Support
                  Batched Scheduling}},
  booktitle = {Proceedings of the Symposium on Languages, Applications
                  and Technologies (SLATE 2012)},
  pages =     {9--24},
  editor =    {A. Simões and R. Queirós and  D. Cruz},
  month =     {June},
  year =      {2012},
  address =   {Braga, Portugal},
}


@Article{Areias-13,
  author =    {M. Areias and R. Rocha},
  title =     {{Batched Evaluation of Linear Tabled Logic Programs}},
  journal =   {Journal of Computer Science and Information Systems, 
               Special Issue on Advances in Model Driven Engineering,
                  Languages and Agents},
  pages =     {1775--1797},
  volume =    {10},
  number =    {4},
  month =     {October},
  year =      {2013},
}

@InProceedings{Areias-14,
  author =    {M. Areias and R. Rocha},
  title =     {{On the Correctness and Efficiency of Lock-Free Expandable Tries for 
                Tabled Logic Programs}},
  booktitle = {International Symposium on Practical Aspects of Declarative Languages},
  pages =     {168--183},
  number =    {8324},
  series =    {LNCS},
  publisher = {Springer},
  editor =    {M. Flatt and Hai-Feng Guo},
  month =     {January},
  year =      {2014},
  address =   {San Diego, California, USA},
}

@InProceedings{Areias-hlpp14,
  author =    {M. Areias and R. Rocha},
  title =     {{A Lock-Free Hash Trie Design for Concurrent Tabled
                  Logic Programs}},
  booktitle = {7th International Symposium on High-level Parallel
                  Programming and Applications (HLPP 2014)},
  pages =     {259--278},
  editor =    {C. Grelck},
  month =     {July},
  year =      {2014},
  address =   {Amsterdam, Netherlands},
}

@InProceedings{Areias-iclp14,
  author =    {M. Areias and R. Rocha},
  title =     {{A Simple and Efficient Lock-Free Hash Trie Design for
                  Concurrent Tabling}},
  booktitle = {Technical Communications of the 30th International
                  Conference on Logic Programming (ICLP 2014)},
  editor =    {M. Leuschel and T. Schrijvers},
  month =     {July},
  year =      {2014},
  address =   {Vienna, Austria},
}

@InProceedings{areias-seps14,
  author =    {M. Areias and R. Rocha},
  title =     {{On Scaling Dynamic Programming Problems with a
                  Multithreaded Tabling System}},
  booktitle = {1st Workshop on Software Engineering for Parallel
                  Systems (SEPS 2014)},
  pages =     {103--114},
  editor =    {A. Jannesari and W. F. Tichy and F. Wolf},
  month =     {October},
  year =      {2014},
  address =   {Portland, Oregon, USA},
}

@article{Areias-ijpp15,
  author={M. Areias and R. Rocha},
  title={A Lock-Free Hash Trie Design for Concurrent Tabled Logic
                  Programs},
  journal={International Journal of Parallel Programming},
  year={2015},
  pages={1-21},
  publisher={Springer US},
  OPTissn={0885-7458},
  OPTdoi={10.1007/s10766-014-0346-1},
  OPTurl={http://dx.doi.org/10.1007/s10766-014-0346-1},
  OPTkeywords={Tabling; Concurrency; Hash tries; Lock-freedom;
                  Performance},
  OPTlanguage={English}
}


@InProceedings{Aurora-88,
  author =    {E. Lusk and R. Butler and T. Disz and R. Olson and R. Overbeek and R. Stevens and D. H. D. Warren and A. Calderwood and P. Szeredi and S. Haridi and P. Brand and M. Carlsson and A. Ciepielewski and B. Hausman},
  title =     {{The Aurora Or-Parallel Prolog System}},
  booktitle = {International Conference on Fifth Generation Computer Systems},
  publisher = {Institute for New Generation Computer Technology},
  year =      {1988},
  pages =     {819--830},
  OPTmonth =     {November},
  OPTaddress =   {Tokyo, Japan},
}
% ----- B -----
@InProceedings{Bachmair-93,
  author =    {L. Bachmair and T. Chen and I. V. Ramakrishnan},
  title =     {{Associative Commutative Discrimination Nets}},
  booktitle = {International Joint Conference on Theory and Practice of Software Development},
  pages =     {61--74},
  year =      {1993},
  number =    {668},
  series =    {LNCS},
  publisher = {Springer},
  OPTaddress =    {Orsay, France},
}

@Article{Bagwell-01,
  author =  {P. Bagwell},
  title =   {{Ideal Hash Trees}},
  journal = {Es Grands Champs},
  year =    {2001},
  volume =  {1195},
}

@PhdThesis{Barklund-PhD,
  author = {J. Barklund},
  title =  {{Parallel Unification}},
  school = {Uppsala University},
  year =   {1990},
}

@inproceedings{Barnes-93,
 author = {Barnes, Greg},
 title = {A Method for Implementing Lock-free Shared-data Structures},
 booktitle = {Proceedings of the Fifth Annual ACM Symposium on
                  Parallel Algorithms and Architectures},
 series = {SPAA '93},
 year = {1993},
 location = {Velen, Germany},
 OPTpages = {261--270},
 OPTnumpages = {10},
 publisher = {ACM},
 OPTaddress = {New York, NY, USA},
} 



@InProceedings{Beaumont-91,
  author =    {A. Beaumont and S. Raman and P. Szeredi and D. H. D. Warren},
  title =     {{Flexible Scheduling of OR-Parallelism in Aurora: The Bristol Scheduler}},
  booktitle = {Conference on Parallel Architectures and Languages Europe},
  year =      {1991},
  series =    {LNCS},
  OPTmonth =     {June},
  publisher = {Springer},
  pages =     {403--420},
  number =    {506},
}

@InProceedings{Beaumont-93,
  author =    {A. Beaumont and D. H. D. Warren},
  title =     {{Scheduling Speculative Work in Or-Parallel Prolog Systems}},
  pages =     {135--149},
  booktitle = {International Conference on Logic Programming},
  year =      {1993},
  publisher = {The MIT Press},
  OPTaddress =   {Budapest, Hungary},
}

@InProceedings{Beeri-87,
  author =    {C. Beeri and R. Ramakrishnan},
  title =     {{On the Power of Magic}},
  booktitle = {ACM Symposium on Principles of Database Systems},
  year =      {1987},
  OPTmonth =     {March},
  OPTaddress =   {San Diego, USA},
  publisher = {ACM},
}

@Article{Beeri-91,
  author =  {C. Beeri and R. Ramakrishnan},
  title =   {{On the Power of Magic}},
  journal = {Journal of Logic Programming},
  year =    {1991},
  volume =  {10},
  number =  {3 \& 4},
  pages =   {255--299},
  OPTmonth =   {April/May},
}

@Book{Bellman-57,
  author =    {R. Bellman},
  title =     {{Dynamic Programming}},
  year =      {1957},
  publisher = {Princeton University Press},
} 

@InProceedings{Benjumea-93,
  author =    {V. Benjumea and J. M. Troya},
  title =     {{An OR Parallel Prolog Model for Distributed Memory Systems}},
  booktitle = {International Symposium on Programming Language Implementation and Logic Programming},
  publisher = {Springer},
  number =    {714},
  series =    {LNCS},
  pages =     {291--301},
  year =      {1993},
}

@Article{Benson-05,
  author =  {D. Benson and I. Karsch-Mizrachi and D. Lipman and J. Ostell and D. Wheeler},
  title =   {{GenBank}},
  journal = {Nucleic Acids Research},
  year =    {2005},
  volume =  {33},
  pages =   {235--242},
}

@InProceedings{Berardi-04,
  author =    {M. Berardi and A. Varlaro and D. Malerba},
  title =     {{On the Effect of Caching in Recursive Theory Learning}},
  booktitle = {International Conference on Inductive Logic Programming},
  year =      {2004},
  pages =     {44--62},
  series =    {LNAI},
  publisher = {Springer},
}

@PhdThesis{Berger-PhD,
  author = {Emery D. Berger},
  title =  {{Memory Management for High-Performance Applications}},
  school = {University of Texas},
  year =   {2002},
  OPTaddress = {Austin, Texas, USA},
}



@Article{Berger-00,
  author =  {E. D. Berger and K. S. McKinley and R. D. Blumofe and P. R. Wilson},
  title =   {{Hoard: A Scalable Memory Allocator for Multithreaded Applications}},
  journal = {ACM SIGPLAN Notices},
  volume =  {35},
  number =  {11},
  pages =   {117--128},
  year =    {2000},
}

@Article{Berman-00,
  author =  {H. M. Berman and J. Westbrook and Z. Feng and G. Gilliland and T. N. Bhat and H. Weissig and I. N. Shindyalov and P. E. Bourne},
  title =   {{The Protein Data Bank}},
  journal = {Nucleic Acids Research},
  year =    {2000},
  pages =   {235--242},
}

@InProceedings{Blockeel-96,
  author =    {H. Blockeel and L. De Raedt},
  title =     {{Relational Knowledge Discovery in Databases}},
  booktitle = {International Workshop on Inductive Logic Programming},
  pages =     {199--211},
  year =      {1996},
  OPTeditor =    {S. Muggleton},
  number =    {1314},
  series =    {LNAI},
  publisher = {Springer},
}

@Article{Blockeel-98,
  author =  {H. Blockeel and L. De Raedt},
  title =   {{Top-Down Induction of First-Order Logical Decision Trees}},
  journal = {Artificial Intelligence},
  year =    {1998},
  volume =  {101},
  pages =   {285--297},
}

@Article{Blockeel-02,
  author =  {H. Blockeel and L. Dehaspe and B. Demoen and G. Janssens and J. Ramon and H. Vandecasteele},
  title =   {{Improving the Efficiency of Inductive Logic Programming Through the Use of Query Packs}},
  journal = {Journal of Machine Learning Research},
  year =    {2002},
  volume =  {16},
  pages =   {135--166},
}


@article{Blumofe-1995,
 author = {Blumofe, Robert D. and Joerg, Christopher F. and Kuszmaul,
                  Bradley C. and Leiserson, Charles E. and Randall,
                  Keith H. and Zhou, Yuli},
 title = {Cilk: An Efficient Multithreaded Runtime System},
 journal = {SIGPLAN Not.},
 issue_date = {Aug. 1995},
 volume = {30},
 number = {8},
 month = aug,
 year = {1995},
 issn = {0362-1340},
 pages = {207--216},
 numpages = {10},
 OPTurl = {http://doi.acm.org/10.1145/209937.209958},
 OPTdoi = {10.1145/209937.209958},
 OPTacmid = {209958},
 OPTpublisher = {ACM},
 address = {New York, NY, USA},
} 


@Article{Bobrow-79,
  author =  {D. G. Bobrow and D. W. Clark},
  title =   {{Compact Encodings of List Structure}},
  journal = {ACM Transactions on Programming Languages and Systems},
  volume =  {1},
  number =  {2},
  year =    {1979},
  pages =   {266--286},
}

@InProceedings{Bockhorst-04,
  author =    {J. Bockhorst and I. M. Ong},
  title =     {{FOIL-D: Efficiently Scaling FOIL for Multi-Relational Data Mining of Large Datasets}},
  booktitle = {International Conference on Inductive Logic Programming},
  year =      {2004},
  pages =     {63--79},
  series =    {LNAI},
  publisher = {Springer},
}

@Article{Boldi-02,
  author =    {P. Boldi and M. Santini and S. Vigna},
  title =     {{Measuring with jugs}},
  journal =   {Theoretical Computer Science},
  volume =    {282},
  number =    {2},
  year =      {2002},
  pages =     {259--270},
  publisher = {Elsevier},
  OPTaddress =   {Essex, UK}
}

@InProceedings{Bonwick-94,
  author =    {J. Bonwick},
  title =     {{The Slab Allocator: An Object-Caching Kernel Memory Allocator}},
  booktitle = {Usenix Summer 1994 Technical Conference},
  publisher = {Usenix Association},
  year =      {1994},
  pages =     {87--98},
  OPTaddress =   {Boston, USA},
}

@Article{Borthakur-07,
  author = {D. Borthakur},
  title =  {{The Hadoop Distributed File System: Architecture and Design}},
  pages =  {1--14},
  year =   {2007},
}

@Article{Botta-03,
  author =    {M. Botta and A. Giordana and L. Saitta and M. Sebag},
  title =     {{Relational Learning as Search in a Critical Region}},
  journal =   {Journal of Machine Learning Research},
  volume =    {4},
  year =      {2003},
  pages =     {431--463},
  publisher = {The MIT Press},
  OPTaddress =   {Cambridge, MA, USA},
}

@InCollection{Briat-92,
  author =     {J. Briat and M. Favre and C. Geyer and J. {Chassin de Kergommeaux}},
  title =      {{OPERA: Or-Parallel Prolog System on Supernode}},
  booktitle =  {Implementations of Distributed Prolog},
  pages =      {45--64},
  publisher =  {Wiley \& Sons},
  year =       {1992},
  OPTaddress = {New York, USA},
}

@InProceedings{Brockhausen-96,
  author =    {P. Brockhausen and K. Morik},
  title =     {{Direct Access of an ILP Algorithm to a Database Management System}},
  booktitle = {MLnet Familiarization Workshop on Data Mining with Inductive Logic Programing},
  pages =     {95--100},
  year =      {1996},
}

@InProceedings{Brodie-84,
  author =    {M. Brodie and M. Jarke},
  title =     {{On Integrating Logic Programming and Databases}},
  booktitle = {Expert Database Workshop},
  publisher = {Benjamin Cummings},
  year =      {1984},
  pages =     {191--207},
  OPTmonth =     {October},
  OPTaddress =   {Kiawah Island, South Carolina, USA},
}

@Misc{Brown-05,
  author =	 {Chappell Brown},
  title =	 {{Biotech data's BIG BANG}},
  howpublished = {EE Times Online},
  month =	 {April},
  year =	 {2005},
}

@book{Butenhof-97,
  author = {David R. Butenhof},
  publisher = {{Addison-Wesley Longman Publishing Co., Inc.}},
  title = {Programming with POSIX Threads},
  year = {1997},
}

% ----- C -----
@InProceedings{Calderwood-89,
  author =    {A. Calderwood and P. Szeredi},
  title =     {{Scheduling Or-parallelism in Aurora -- the Manchester Scheduler}},
  booktitle = {International Conference on Logic Programming},
  pages =     {419--435},
  year =      {1989},
  OPTaddress =   {Lisbon},
  OPTmonth =     {June},
  publisher = {The MIT Press},
}

@PhdThesis{Camacho-PhD,
  author = {R. Camacho},
  title =  {{Inductive Logic Programming to Induce Controllers}},
  school = {Faculty of Engineering, University of Porto},
  year =   {2000},
}

@InProceedings{Camacho-02,
  author =    {R. Camacho},
  title =     {{Improving the efficiency of ILP systems using an Incremental Language Level Search}},
  booktitle = {Annual Machine Learning Conference of Belgium and the Netherlands},
  year =      {2002},
}

@Phdthesis{Carlsson-PhD,
  author =  {M. Carlsson},
  title =   {{Design and Implementation of an OR-Parallel Prolog Engine}},
  school =  {The Royal Institute of Technology},
  year =    {1990},
  OPTmonth =   {March},
  OPTaddress = {Stockholm, Sweden},
}

@InProceedings{Carlsson-89,
  author    = {M. Carlsson},
  title     = {{On the Efficiency of Optimising Shallow Backtracking in Compiled Prolog}},
  booktitle = {International Conference on Logic Programming},
  pages     = {3--16},
  year      = {1989},
  OPTaddress =   {Lisbon},
  OPTmonth =     {June},
  publisher = {The MIT Press},
}

@InProceedings{Carro-99,
  author    = {M. Carro and M. V. Hermenegildo},
  title     = {{Concurrency in Prolog Using Threads and a Shared Database}},
  booktitle = {International Conference on Logic Programming},
  publisher = {The MIT Press},
  pages     = {320--334},
  year      = {1999},
}

@InProceedings{Casas-08,
  author =    {A. Casas and M. Carro and M. V. Hermenegildo},
  title =     {{A High-Level Implementation of Non-deterministic, Unrestricted, Independent And-Parallelism}},
  booktitle = {International Conference on Logic Programming},
  pages =     {651--666},
  number =    {5366},
  series =    {LNCS},
  publisher = {Springer},
  OPTeditor =    {M. Garcia de la Banda and E. Pontelli},
  OPTmonth =     {December},
  year =      {2008},
  OPTaddress =   {Udine, Italy},
}

@InProceedings{Castro-99,
  author =    {L. F. Castro and V. {Santos Costa} and C. Geyer and F. Silva and P. Vargas and M. Correia},
  title =     {{DAOS: Scalable And-0r Parallelism}},
  booktitle = {International Euro-Par Conference},
  pages =     {899--908},
  number =    {1685},
  series =    {LNCS},
  publisher = {Springer},
  year =      {1999},
  OPTmonth =  {September},
}

@InProceedings{Castro-03,
  author =    {L. F. Castro, D. S. Warren},
  title =     {{Approximate Pruning in Tabled Logic Programming}},
  booktitle = {European Symposium on Programming},
  pages =     {69--83},
  year =      {2003},
  number =    {2618},
  series =    {LNCS},
  OPTaddress =   {Warsaw, Poland},
  publisher = {Springer},
}

@InProceedings{Chan-94,
  author =    {I. W. Chan and C. Y. Lim},
  title =     {{Parallel Implementation of the Trie Structure}},
  booktitle = {International Conference on Parallel and Distributed Systems},
  publisher = {IEEE Computer Society},
  pages =     {538--543},
  year =      {1994},
  OPTeditor =   {Lionel M. Ni},
  OPTaddress =  {Taiwan, Republic of China},
  OPTmonth =    {December},
}


@inproceedings{Chatterjee-14,
 author = {Chatterjee, B. and Nguyen, N. and Tsigas, P.},
 title = {Efficient Lock-free Binary Search Trees},
 booktitle = {Proceedings of the 2014 ACM Symposium on Principles of
                  Distributed Computing},
 series = {PODC '14},
 year = {2014},
 pages = {322--331},
 publisher = {ACM},
 OPTaddress = {New York, NY, USA},
} 







@Article{Chen-93,
  author =  {W. Chen and M. Kifer and D. S. Warren},
  title =   {{Hilog: A Foundation for Higher-Order Logic Programming}},
  journal = {Journal of Logic Programming},
  volume =  {15},
  number =  {3},
  OPTmonth =   {February},
  pages =   {187--230},
  year =    {1993},
}

@Article{Chen-95,
  author =  {W. Chen and T. Swift and D. S. Warren},
  title =   {{Efficient Top-Down Computation of Queries under the Well-Founded Semantics}},
  journal = {Journal of Logic Programming},
  pages =   {161--199},
  year =    {1995},
  volume =  {24},
  number =  {3},
  OPTmonth =   {September},
}

@Article{Chen-96,
  author =  {W. Chen and D. S. Warren},
  title =   {{Tabled Evaluation with Delaying for General Logic Programs}},
  journal = {Journal of the ACM},
  year =    {1996},
  volume =  {43},
  number =  {1},
  pages =   {20--74},
  OPTmonth =   {January},
}

@InProceedings{Chu-07,
  author =    {Cheng-Tao Chu and S. Kyun Kim and Yi-An Lin and Y. Yu and G. Bradski and A. Y. Ng and K. Olukotun},
  title =     {{Map-Reduce for Machine Learning on Multicore}},
  booktitle = {Advances in Neural Information Processing Systems 19},
  pages =     {281--288},
  publisher = {MIT Press},
  year =      {2007},
}

@InProceedings{Chico-08,
  author =    {P. Chico and M. Carro and M. V. Hermenegildo and C. Silva and R. Rocha},
  title =     {{An Improved Continuation Call-Based Implementation of Tabling}},
  booktitle = {International Symposium on Practical Aspects of Declarative Languages},
  pages =     {197--213},
  number =    {4902},
  series =    {LNCS},
  publisher = {Springer},
  OPTeditor =    {P. Hudak and D. S. Warren},
  OPTmonth =     {January},
  year =      {2008},
  OPTaddress =   {San Francisco, California, USA},
}

@Article{Ciepielewski-91,
  author =  {A. Ciepielewski},
  title =   {{Scheduling in Or-parallel Prolog Systems: Survey and Open Problems}},
  journal = {International Journal of Parallel Programming},
  year =    {1991},
  volume =  {20},
  number =  {6},
  pages =   {421--451},
  OPTmonth =   {December},
}

@InProceedings{Clark-78,
  author =    {K. Clark},
  title =     {{Negation as Failure}},
  booktitle = {Logic and DataBases},
  pages =     {293--322},
  year =      {1978},
  OPTaddress =   {New York},
  publisher = {Plenum Press},
}

@Techreport{Clark-79,
  author =      {K. Clark},
  title =       {{Predicate Logic as a Computational Formalism}},
  institution = {Imperial College},
  type =        {Research Monograph},
  year =        {1979},
  OPTmonth =       {December},
}

@Misc{Click-07,
  author = {C. Click},
  title =  {{Towards a Scalable Non-Blocking Coding Style}},
  year =   {2007},
  url =    {http://www.azulsystems.com/events/javaone_2007/2007_LockFreeHash.pdf},
}

@Book{Clocksin-87,
  author =    {W. Clocksin and C. Mellish},
  title =     {{Programming in Prolog}},
  publisher = {Springer},
  year =      {1994},
  edition =   {fourth},
}

@Article{Codd-70,
  author =  {E. F. Codd},
  title =   {{A relational model for large shared data banks}},
  journal = {Communications of the ACM},
  year =    {1970},
  volume =  {13},
  number =  {6},
  OPTmonth =   {June},
  pages =   {377--387},
}

@TechReport{Colmerauer-73,
  author =	{A. Colmerauer and H. Kanoui and R. Pasero and P. Roussel},
  title	=       {{Un système de communication homme--machine en francais}},
  institution = {Groupe Intelligence Artificielle, Université Aix-Marseille II},
  type =        {Technical Report CRI 72-18},
  OPTmonth =       {October},
  year =        {1973},
}

@Book{Cormen-01,
  author =    {T. H. Cormen and C. Stein and R. L. Rivest and C. E. Leiserson},
  title =     {{Introduction to Algorithms}},
  year =      {2001},
  edition =   {2nd},
  publisher = {McGraw-Hill},
} 

@InProceedings{Correas-04,
  author =    {J. Correas and J.M. Gomez and M. Carro and D. Cabeza and M. V. Hermenegildo},
  title =     {{A Generic Persistence Model for (C)LP Systems (and Two Useful Implementations)}},
  booktitle = {International Symposium on Practical Aspects of Declarative Languages},
  pages =     {104--119},
  year =      {2004},
  OPTeditor =    {Bharat Jayaraman},
  publisher = {Springer},
  number =    {3057},
  series =    {LNCS},
  OPTmonth =     {June},
  OPTaddress =   {Dallas, Texas, USA},
}

@PhdThesis{Correia-PhD,
  author = {M. Correia},
  title =  {{On the Implementation of And/Or Parallel Logic Programming Systems}},
  school = {Department of Computer Science, Faculty of Sciences, University of Porto},
  year =   {2001},
  OPTaddress = {Porto, Portugal},
}

@Article{Correia-95,
  author =    {M. Correia and F. Silva and V. {Santos Costa}},
  title =     {{Aurora vs. Muse: A Performance Study of Two Or-Parallel Prolog Systems}},
  year =      {1995},
  journal =   {Computing Systems in Engineering},
  volume =    {6},
  number =    {4/5},
  pages =     {345--349},
  publisher = {Pergamon Press},
}

@InProceedings{Correia-97,
  author =    {M. Correia and F. Silva and V. {Santos Costa}},
  title =     {{The SBA: Exploiting Orthogonality in And-Or Parallel Systems}},
  booktitle = {International Logic Programming Symposium},
  year =      {1997},
  OPTmonth =      {October},
  pages =     {117--131},
  publisher = {The MIT Press},
  OPTaddress =    {Port Jefferson},
}

@InProceedings{CostaJ-08,
  author =    {J. Costa and R. Rocha},
  title =     {{Global Storing Mechanisms for Tabled Evaluation}},
  booktitle = {International Conference on Logic Programming},
  pages =     {708--712},
  number =    {5366},
  series =    {LNCS},
  publisher = {Springer},
  OPTeditor =    {M. Garcia de la Banda and E. Pontelli},
  OPTmonth =     {December},
  year =      {2008},
  OPTaddress =   {Udine, Italy},
}

@InProceedings{CostaJ-09a,
  author =    {J. Costa and R. Rocha},
  title =     {{One Table Fits All}},
  booktitle = {International Symposium on Practical Aspects of Declarative Languages},
  pages =     {195--208},
  number =    {5418},
  series =    {LNCS},
  publisher = {Springer},
  OPTeditor =    {A. Gill and T. Swift},
  OPTmonth =     {January},
  year =      {2009},
  OPTaddress =   {Savannah, Georgia, USA},
}

@InProceedings{CostaJ-09b,
  author =    {J. Costa and J. Raimundo and R. Rocha},
  title =     {{A Term-Based Global Trie for Tabled Logic Programs}},
  booktitle = {International Conference on Logic Programming},
  pages =     {205--219},
  number =    {5649},
  series =    {LNCS},
  publisher = {Springer},
  OPTeditor =    {P. Hill and D. S. Warren},
  OPTmonth =     {July},
  year =      {2009},
  OPTaddress =   {Pasadena, California, USA},
}

@InProceedings{CostaP-06,
  author =    {P. Costa and R. Rocha and M. Ferreira},
  title =     {{DBTAB: a Relational Storage Model for the YapTab Tabling System}},
  booktitle = {Colloquium on Implementation of Constraint and LOgic Programming Systems},
  pages =     {95--109},
  OPTeditor =    {E. Pontelli and Hai-Feng Guo},
  OPTmonth =     {August},
  year =      {2006},
  OPTaddress =   {Seattle, Washington, USA},
}

@InProceedings{CostaP-07,
  author =    {P. Costa and R. Rocha and M. Ferreira},
  title =     {{Tabling Logic Programs in a Database}},
  booktitle = {Workshop on (Constraint) Logic Programming},
  pages =     {125--135},
  OPTeditor =    {D. Seipel and M. Hanus and A. Wolf and J. Baumeister},
  OPTmonth =     {October},
  year =      {2007},
  OPTaddress =   {Würzburg, Germany},
}

@InProceedings{CostaP-09,
  author =    {P. Costa and R. Rocha and M. Ferreira},
  title =     {{Relational Models for Tabling Logic Programs in a Database}},
  booktitle = {Workshop on (Constraint) Logic Programming},
  pages =     {99--116},
  number =    {5437},
  series =    {LNAI},
  publisher = {Springer},
  OPTeditor =    {D. Seipel and M. Hanus and A. Wolf},
  OPTmonth =     {October},
  year =      {2009},
  OPTaddress =   {Würzburg, Germany},
}

@Inproceedings{CostaVS-91,
  author =    {V. {Santos Costa} and D. H. D. Warren and R. Yang},
  title =     {{Andorra-I: A Parallel Prolog System that Transparently Exploits both And- and Or-Parallelism}},
  booktitle = {ACM Symposium on Principles and Practice of Parallel Programming},
  publisher = {ACM},
  pages =     {83--93},
  OPTmonth =     {April},
  year =      {1991},
  OPTaddress =   {Williamsburg, Virginia, USA},
}

@InProceedings{CostaVS-94,
  author =    {V. {Santos Costa} and M. Correia and F. Silva},
  title =     {{Aurora, Andorra-I and Friends on the Sun}},
  booktitle = {Workshop on Design and Implementation of Parallel Logic Programming Systems},
  OPTaddress =   {Ithaca, New York},
  year =      {1994},
  OPTmonth =     {November},
}

@InProceedings{CostaVS-99a,
  author =    {V. {Santos Costa}},
  title =     {{COWL: Copy-On-Write for Logic Programs}},
  booktitle = {International Parallel Processing Symposium, Held Jointly with the Symposium on Parallel and Distributed Processing},
  publisher = {IEEE Computer Society},
  pages =     {720--727},
  OPTmonth =     {May},
  year =      {1999}
}

@InProceedings{CostaVS-99b,
  author =    {V. {Santos Costa}},
  title =     {{Optimising Bytecode Emulation for Prolog}},
  booktitle = {Principles and Practice of Declarative Programming},
  pages =     {261--267},
  OPTmonth =     {September},
  publisher = {Springer},
  number =    {1702},
  series =    {LNCS},
  year =      {1999},
  OPTaddress =   {Paris, France},
}

@InProceedings{CostaVS-00,
  author =    {V. {Santos Costa} and R. Rocha and F. Silva},
  title =     {{Novel Models for Or-Parallel Logic Programs: A Performance Analysis}},
  year =      {2000},
  OPTmonth =     {September},
  booktitle = {EuroPar 2000 Parallel Processing},
  pages =     {744--753},
  number =    {1900},
  series =    {LNCS},
  publisher = {Springer},
}

@Article{CostaVS-02,
  author =  {V. {Santos Costa} and A. Srinivasan and R. Camacho and H. Blockeel and B. Demoen and G. Janssens and J. Struyf and H. Vandecasteele and W. Van Laer},
  title =   {{Query Transformations for Improving the Efficiency of ILP Systems}},
  journal = {Journal of Machine Learning Research},
  year =    {2002},
  volume =  {4},
  pages =   {465--491},
}

@InProceedings{CostaVS-07,
  author =    {V. {Santos Costa} and K. Sagonas and R. Lopes},
  title =     {{Demand-Driven Indexing of Prolog Clauses}},
  booktitle = {International Conference on Logic Programming},
  pages =     {395--409},
  number =    {4670},
  series =    {LNCS},
  publisher = {Springer},
  OPTeditor =    {V. Dahl and I. Niemelä},
  OPTmonth =  {September},
  year =      {2007},
  OPTaddress =   {Porto, Potugal},
}

@InProceedings{CostaVS-08,
  author =    {V. {Santos Costa}},
  title =     {{On Supporting Parallelism in a Logic Programming System}},
  booktitle = {Workshop on Declarative Aspects of Multicore Programming},
  pages =     {77--91},
  OPTeditor =    {M. V. Hermenegildo},
  OPTmonth =     {January},
  year =      {2008},
  OPTaddress =   {San Francisco, California, USA},
}

@Article{CostaVS-10,
  author =    {V. {Santos Costa} and I. Dutra and R. Rocha},
  title =     {{Threads and Or-Parallelism Unified}},
  journal =   {Journal of Theory and Practice of Logic Programming,
               International Conference on Logic Programming, Special Issue},
  pages =     {417--432},
  volume =    {10},
  number =    {4--6},
  OPTmonth =     {July},
  year =      {2010},
}

@Article{CostaVS-12,
  author =    {V. {Santos Costa} and R. Rocha and L. Damas},
  title =     {{The YAP Prolog System}},
  journal =   {Journal of Theory and Practice of Logic Programming},
  pages =     {5--34},
  volume =    {12},
  number =    {1 \& 2},
  year =      {2012},
}

@MastersThesis{Cruz-MSc,
  author =  {F. Cruz},
  title =   {{Call Subsumption Mechanisms for Tabled Logic Programs}},
  school =  {Department of Informatics Engineering, University of Porto},
  OPTmonth =   {June},
  year =    {2010},
  OPTaddress = {Porto, Portugal},
}

@InProceedings{Cruz-10,
  author =    {F. Cruz and R. Rocha},
  title =     {{Retroactive Subsumption-Based Tabled Evaluation of Logic Programs}},
  booktitle = {European Conference on Logics in Artificial Intelligence},
  pages =     {130--142},
  number =    {6341},
  series =    {LNAI},
  publisher = {Springer},
  OPTeditor =    {T. Janhunen and I. Niemelä},
  OPTmonth =     {September},
  year =      {2010},
  OPTaddress =   {Helsinki, Finland},
}

@Article{Cruz-11,
  author =    {F. Cruz and R. Rocha},
  title =     {{Efficient Instance Retrieval of Subgoals for Subsumptive Tabled Evaluation of Logic Programs}},
  journal =   {Journal of Theory and Practice of Logic Programming,
               International Conference on Logic Programming, Special Issue},
  pages =     {697--712},
  volume =    {11},
  number =    {4--5},
  OPTmonth =     {July},
  year =      {2011},
}
% ----- D -----
@InProceedings{Damasio-00,
  author =    {C. Damásio},
  title =     {{A distributed tabling system}},
  booktitle = {Conference on Tabulation in Parsing and Deduction},
  pages =     {65--75},
  OPTmonth =     {September},
  year =      {2000},
  OPTaddress =   {Vigo, Spain},
}

@InProceedings{Dawson-96,
  author =    {S. Dawson and C. R. Ramakrishnan and D. S. Warren},
  title =     {{Practical Program Analysis Using General Purpose Logic Programming Systems -- A Case Study}},
  booktitle = {ACM Conference on Programming Language Design and Implementation},
  year =      {1996},
  pages =     {117--126},
  OPTaddress =   {Philadelphia, Pennsylvania, USA},
  publisher = {ACM},
}

@Article{Dean-08,
  author =    {J. Dean and S. Ghemawat},
  title =     {{MapReduce: Simplified Data Processing on Large Clusters}},
  journal =   {Communications of the ACM},
  volume =    {51},
  number =    {1},
  year =      {2008},
  pages =     {107--113},
}

@InProceedings{Dechev-10,
  author =    {D. Dechev and P. Pirkelbauer and B. Stroustrup},
  title =     {{Understanding and Effectively Preventing the ABA Problem in Descriptor-Based Lock-Free Designs}},
  booktitle = {IEEE International Symposium on Object/Component/Service-Oriented Real-Time Distributed Computing},
  pages =     {185--192},
  year =      {2010},
  publisher = {IEEE Computer Society},
}

@InProceedings{Demoen-98a,
  author =    {B. Demoen and K. Sagonas},
  title =     {{CAT: the Copying Approach to Tabling}},
  booktitle = {International Symposium on Programming Language Implementation and Logic Programming},
  publisher = {Springer},
  OPTmonth =     {September},
  year =      {1998},
  number =    {1490},
  series =    {LNCS},
  pages =     {21--35},
  OPTaddress =   {Pisa, Italy},
}

@TechReport{Demoen-98b,
  author =      {B. Demoen and M. García de la Banda and K. Mariott and P. Schachte and P. Stuckey},
  title =       {{Global variables in HAL, a logic implementation}},
  institution = {Department of Computer Science, K. U. Leuven},
  type =        {Technical Report CW271},
  OPTmonth =       {September},
  year =        {1998},
}

@Article{Demoen-99a,
  author =  {B. Demoen and K. Sagonas},
  title =   {{CAT: The Copying Approach to Tabling}},
  journal = {Journal of Functional and Logic Programming},
  year =    {1999},
  volume =  {1999},
  number =  {Special Issue 2},
}

@InProceedings{Demoen-99b,
  author =    {B. Demoen and K. Sagonas},
  title =     {{CHAT: The Copy-Hybrid Approach to Tabling}},
  booktitle = {International Workshop on Practical Aspects of Declarative Languages},
  publisher = {Springer},
  series =    {LNCS},
  number =    {1551},
  pages =     {106--121},
  year =      {1999},
  OPTmonth =     {January},
  OPTaddress =   {San Antonio, Texas, USA},
}

@Article{Demoen-00,
  author =  {B. Demoen and K. Sagonas},
  title =   {{CHAT: The Copy-Hybrid Approach to Tabling}},
  journal = {Future Generation Computer Systems},
  year =    {2000},
  volume =  {16},
  number =  {7},
  pages =   {809--830},
}

@InProceedings{Detlefs-01,
  author =    {D. L. Detlefs and P. A. Martin and M. Moir and G. L. Steele Jr.},
  title =     {{Lock-Free Reference Counting}},
  booktitle = {ACM Symposium on Principles of Distributed Computing},
  pages =     {190--199},
  year =      {2001},
  OPTmonth =     {August},
  OPTaddress =   {Newport, Rhode Island, USA},
  publisher = {ACM},
} 


@InProceedings{Dhraief-11,
  author =    {A. Dhraief and R. Issaoui and A. Belghith},
  title =     {{Parallel Computing the Longest Common Subsequence
                  (LCS) on GPUs: Efficiency and Language
                  Suitability}},
  booktitle = {International Conference on Advanced Communications and
                  Computation},
  pages =     {143–-148},
  year =      {2011},
  OPTmonth =     {October},
  OPTaddress =   {Barcelona, Spain},
}

@article{Dice-02,
 author = {Dice, Dave and Garthwaite, Alex},
 title = {Mostly Lock-free Malloc},
 journal = {SIGPLAN Not.},
 issue_date = {February 2003},
 volume = {38},
 year = {2002},
 pages = {163--174},
 publisher = {ACM},
 OPTaddress = {New York, NY, USA},
} 


@PhdThesis{Dietrich-87,
  author = {S. Dietrich},
  title =  {{Extension Tables for Recursive Query Evaluation}},
  school = {Department of Computer Science, State University of New York},
  year =   {1987},
  OPTaddress = {Stony Brook, USA},
}

@InProceedings{DiMaio-04,
  author =    {F. DiMaio and Jude W. Shavlik},
  title =     {{Learning an Approximation to Inductive Logic Programming Clause Evaluation}},
  booktitle = {International Conference on Inductive Logic Programming},
  year =      {2004},
  pages =     {80--97},
  series =    {LNAI},
  publisher = {Springer},
}

@PhdThesis{Diptikalyan-PhD,
  author = {Diptikalyan Saha},
  title =  {{Incremental Evaluation of Tabled Logic Programs}},
  school = {Department of Computer Science, State University of New York},
  year =   {2006},
  OPTmonth = {December},
  OPTaddress = {Stony Brook, USA},
}


@Phdthesis{Draxler-PhD,
  author = {C. Draxler},
  title =  {{Accessing Relational and Higher Databases Through Database Set Predicates}},
  school = {Zurich University},
  year =   {1991},
}

@InProceedings{Draxler-92,
  author =    {C. Draxler},
  title =     {{Accessing Relational and NF{\raisebox{1ex}{2}} Databases Through Database Set Predicates}},
  pages =     {156--173},
  OPTeditor =    {Geraint A. Wiggins and Chris Mellish and Tim Duncan},
  booktitle = {UK Annual Conference on Logic Programming},
  series =    {Workshops in Computing},
  publisher = {Springer},
  year =      {1992},
  OPTmonth =     {April},
  OPTaddress =   {London, UK},
}
% ----- E -----
@InProceedings{Ekanayake-10,
  author =    {J. Ekanayake and H. Li and B. Zhang and T. Gunarathne and S.-H. Bae and J. Qiu and G. Fox},
  title =     {{Twister: Twister: A Runtime for Iterative MapReduce}},
  booktitle = {ACM International Symposium on High Performance Distributed Computing},
  pages =     {810--818},
  publisher = {ACM},
  year =      {2010},
  OPTaddress =   {Chicago, Illinois, USA},
}

@TechReport{Ertel-91,
  author =	{W. Ertel},
  title	=       {{Performance Analysis of Competitive Or-Parallel Theorem Proving}},
  institution = {Technische Universität München},
  type =        {Technical Report FKI-162-91},
  OPTmonth =       {November},
  year =        {1991},
}

@InProceedings{Evans-06,
  author =    {J. Evans},
  title =     {{A Scalable Concurrent malloc(3) Implementation for FreeBSD}},
  booktitle = {The Technical BSD Conference},
  OPTmonth =     {May},
  year =      {2006},
  OPTaddress =   {Ottawa, Ontario, Canada},
}
% ----- F -----
@Article{Fan-92,
  author =  {C. Fan and S. Dietrich},
  title =   {{Extension Table Built-Ins for Prolog}},
  journal = {Software Practice and Experience},
  year =    {1992},
  volume =  {22},
  number =  {7},
  pages =   {573--597},
  OPTmonth =   {July},
}

@InProceedings{Ferreira-04a,
  author =    {M. Ferreira and R. Rocha and S. Silva},
  title =     {{Comparing Alternative Approaches for Coupling Logic Programming with Relational Databases}},
  booktitle = {Colloquium on Implementation of Constraint and LOgic Programming Systems},
  pages =     {71--82},
  OPTmonth =     {September},
  year =      {2004},
  OPTaddress =   {Saint-Malo, France},
}

@InProceedings{Ferreira-04b,
  author =    {M. Ferreira and R. Rocha},
  title =     {{The MyYapDB Deductive Database System}},
  booktitle = {European Conference on Logics in Artificial Intelligence},
  pages =     {710--713},
  number =    {3229},
  series =    {LNAI},
  publisher = {Springer},
  OPTeditor =    {José Júlio Alferes and João Leite},
  OPTmonth =     {September},
  year =      {2004},
  OPTaddress =   {Lisbon, Portugal},
}

@InProceedings{Ferreira-05,
  author =    {M. Ferreira and R. Rocha},
  title =     {{Coupling OPTYap with a Database System}},
  booktitle = {IADIS International Conference Applied Computing},
  pages =     {107--114},
  volume =    {II},
  publisher = {IADIS Press},
  OPTeditor =    {Nuno Guimarães and Pedro Isaías},
  OPTmonth =     {February},
  year =      {2005},
  OPTaddress =   {Algarve, Portugal},
}

@TechReport{Fonseca-03a,
  author = 	{N. Fonseca and R. Camacho and F. Silva and V. {Santos Costa}},
  title = 	{{Induction with April: A Preliminary Report}},
  institution = {Department of Computer Science, University of Porto},
  year = 	{2003},
  number =	{DCC-2003-02},
}

@InProceedings{Fonseca-03b,
  author =    {N. Fonseca and R. Rocha and R. Camacho and F. Silva},
  title =     {{Efficient Data Structures for Inductive Logic Programming}},
  booktitle = {International Conference on Inductive Logic Programming},
  pages =     {130--145},
  year =      {2003},
  OPTeditor = 	 {Tamás Horváth and Akihiro Yamamoto},
  number =    {2835},
  series =    {LNAI},
  OPTaddress = 	 {Szeged, Hungary},
  OPTmonth = 	 {September/October},
  publisher = {Springer},
}

@InProceedings{Fonseca-05,
  author =    {N. A. Fonseca and F. Silva and R. Camacho},
  title =     {{Strategies to Parallelize ILP Systems}},
  booktitle = {International Conference on Inductive Logic Programming},
  pages =     {136--153},
  year =      {2005},
  OPTeditor =    {Stefan Kramer and Bernhard Pfahringer},
  number =    {3625},
  series =    {LNAI},
  OPTaddress =   {Bonn, Germany},
  OPTmonth =     {August},
  publisher = {Springer},
}

@InProceedings{Fonseca-06,
  author =    {N. A. Fonseca and F. Silva and R. Camacho},
  title =     {{April - An Inductive Logic Programming System}},
  booktitle = {European Conference on Logics in Artificial Intelligence},
  pages =     {481--484},
  year =      {2006},
  number =    {4160},
  series =    {LNAI},
  OPTaddress = 	 {Liverpool, UK},
  OPTmonth =     {September},
  publisher = {Springer},
}

@Article{Fonseca-08a,
  author =    {N. A. Fonseca and R. Camacho and R. Rocha and V. {Santos Costa}},
  title =     {{Compile the hypothesis space: do it once, use it often}},
  journal =   {Fundamenta Informaticae},
  pages =     {45--67},
  volume =    {89},
  number =    {1},
  year =      {2008},
}

@InProceedings{Fonseca-08b,
  author =    {N. A. Fonseca and V. Santos Costa and R. Rocha and R. Camacho},
  title =     {{k-RNN: k-Relational Neareast Neighbour Algorithm}},
  booktitle = {Annual ACM Symposium on Applied Computing},
  pages =     {944--948},
  publisher = {ACM},
  OPTeditor =    {L. Liebrock},
  OPTmonth =     {March},
  year =      {2008},
  OPtaddress =   {Fortaleza, Ceará, Brazil},
}

@Article{Fonseca-09a,
  author    = {N. A. Fonseca and A. Srinivasan and F. M. A. Silva and R. Camacho},
  title     = {{Parallel ILP for distributed-memory architectures}},
  journal   = {Machine Learning},
  volume    = {74},
  number    = {3},
  year      = {2009},
  pages     = {257--279},
}

@Article{Fonseca-09b,
  author =    {N. A. Fonseca and V. Santos Costa and R. Rocha and R. Camacho and F. Silva},
  title =     {{Improving the Efficiency of Inductive Logic Programming Systems}},
  journal =   {Software: Practice and Experience},
  pages =     {189--219},
  volume =    {39},
  number =    {2},
  year =      {2009},
}

@Article{Fredkin-62,
  author =  {E. Fredkin},
  title =   {{Trie Memory}},
  journal = {Communications of the ACM},
  year =    {1962},
  volume =  {3},
  pages =   {490--499},
}

@PhdThesis{Freire-PhD,
  author =  {J. Freire},
  title =   {{Scheduling Strategies for Evaluation of Recursive Queries over Memory and Disk-Resident Data}},
  school =  {Department of Computer Science, State University of New York},
  OPTmonth =   {August},
  year =    {1997},
  OPTaddress = {Stony Brook, USA},
}

@InProceedings{Freire-95,
  author =    {J. Freire and R. Hu and T. Swift and D. S. Warren},
  title =     {{Exploiting Parallelism in Tabled Evaluations}},
  booktitle = {International Symposium on Programming Languages: Implementations, Logics and Programs},
  publisher = {Springer},
  number =    {982},
  series =    {LNCS},
  pages =     {115--132},
  year =      {1995},
  OPTmonth =     {September},
  OPTaddress =   {Utrecht, The Netherlands},
}

@InProceedings{Freire-96,
  author =    {J. Freire and T. Swift and D. S. Warren},
  title =     {{Beyond Depth-First: Improving Tabled Logic Programs through Alternative Scheduling Strategies}},
  booktitle = {International Symposium on Programming Language Implementation and Logic Programming},
  publisher = {Springer},
  number =    {1140},
  series =    {LNCS},
  pages =     {243--258},
  OPTmonth =     {September},
  year =      {1996},
  OPTaddress =   {Aachen, Germany},
}

@InProceedings{Freire-97a,
  author =    {J. Freire and T. Swift and D. S. Warren},
  title =     {{Taking I/O seriously: Resolution reconsidered for disk}},
  booktitle = {International Conference on Logic Programming},
  publisher = {The MIT Press},
  pages =     {198--212},
  OPTmonth =     {June},
  year =      {1997},
  OPTaddress =   {Leuven, Belgium},
}

@InProceedings{Freire-97b,
  author =    {J. Freire and D. S. Warren},
  title =     {{Combining Scheduling Strategies in Tabled Evaluation}},
  booktitle = {Workshop on Parallelism and Implementation Technology for Logic Programming},
  OPTmonth =     {October},
  year =      {1997},
  OPTaddress =   {Port Jefferson},
}

@InProceedings{Freire-98,
  author =    {J. Freire},
  title =     {{Practical Problems in Coupling Deductive Engines with Relational Databases}},
  booktitle = {International Workshop on Knowledge Representation meets Databases},
  year =      {1998},
  OPTmonth =     {May},
  OPTaddress =   {Seattle, Washington, USA},
}
% ----- G -----
@Book{Gallaire-78,
  editor =    {H. Gallaire and J. Minker},
  title =     {{Logic and Databases}},
  publisher = {Plenum},
  year =      {1978},
  OPTaddress =   {New York},
}


@article{Gao-05,
  author={Gao, H. and Groote, J.F. and Hesselink, W.H.},
  year={2005},
  journal={Distributed Computing},
  volume={18},
  number={1},
  title={Lock-free dynamic hash tables with open addressing},
  publisher={Springer-Verlag},
  pages={21-42},
}


@Article{Gelder-91,
  author =  {A. Van Gelder and K. Ross and J. Schlipf},
  title =   {{The Well-Founded Semantics for General Logic Programs}},
  journal = {Journal of the ACM},
  year =    {1991},
  volume =  {38},
  number =  {3},
  pages =   {620--650},
  OPTmonth =   {July},
}

@article{Gidenstam-10,
  author={Gidenstam, Anders and Papatriantafilou, Marina and Tsigas,
                  Philippas},
  title={{NB{{\tt malloc}}: Allocating memory in a lock-free manner.}},
  journal={Algorithmica},
  publisher = {Springer},
  volume={58},
  number={2},
  pages={304-338},
  year={2010},
}


@Article{Gonzalez-05,
  author =  {A. González},
  title =   {{Speculative Threading: Creating New Methods of Thread-Level Parallelization}},
  journal = {Technology@Intel Magazine},
  OPTmonth = {December},
  year =    {2005},
}

@TechReport{Goto-74,
  author = 	 {E. Goto},
  title = 	 {{Monocopy and Associative Algorithms in Extended Lisp}},
  institution =  {University of Tokyo},
  year = 	 {1974},
  number = 	 {TR 74-03},
  OPTmonth = 	 {May},
}

@InProceedings{Govindarajan-95,
  author =    {K. Govindarajan and B. Jayaraman and S. Mantha},
  title =     {{Preference Logic Programming}},
  booktitle = {International Conference on Logic Programming},
  pages =     {731--745},
  publisher = {MIT Press},
  OPTmonth = 	 {June},
  year =      {1995},
  OPTaddress =   {Tokyo, Japan},
}

@TechReport{Govindarajan-97,
  author =      {K. Govindarajan},
  title =       {{Optimization and Relaxation in Logic Languages}},
  institution = {Department of Computer Science, State University of New York},
  year =        {1997},
}

@Book{Graf-96,
  author =    {P. Graf},
  title =     {{Term Indexing}},
  publisher = {Springer},
  year =      {1996},
  number =    {1053},
  series =    {LNAI},
}

@Phdthesis{Greenwald-PhD,
  author = {M. Greenwald},
  title =  {{Non-Blocking Synchronization and System Design}},
  school = {Stanford University},
  OPTmonth =  {August},
  year =   {1999},
}

@InProceedings{Guo-00a,
  author =    {Hai-Feng Guo and G. Gupta},
  title =     {{A New Tabling Scheme with Dynamic Reordering of Alternatives}},
  booktitle = {Workshop on Parallelism and Implementation Technology for (Constraint) Logic Languages},
  year =      {2000},
  OPTmonth =  {July},
  OPTaddress =   {London, UK},
}

@InProceedings{Guo-00b,
  author =    {Hai-Feng Guo and G. Gupta},
  title =     {{A Simple Scheme for Implementing Tabling based on Dynamic Reordering of Alternatives}},
  booktitle = {Conference on Tabulation in Parsing and Deduction},
  pages =     {141--154},
  OPTmonth =     {September},
  year =      {2000},
  OPTaddress =   {Vigo, Spain},
}

@InProceedings{Guo-01,
  author =    {Hai-Feng Guo and G. Gupta},
  title =     {{A Simple Scheme for Implementing Tabled Logic Programming Systems Based on Dynamic Reordering of Alternatives}},
  booktitle = {International Conference on Logic Programming},
  pages =     {181--196},
  year =      {2001},
  number =    {2237},
  series =    {LNCS},
  publisher = {Springer},
  OPTaddress =   {Paphos, Cyprus},
}

@InProceedings{Guo-02,
  author =    {Hai-Feng Guo and G. Gupta},
  title =     {{Cuts in Tabled Logic Programming}},
  booktitle = {Colloquium on Implementation of Constraint and LOgic Programming Systems},
  year =      {2002},
  OPTaddress =   {Copenhagen, Denmark},
}

@InProceedings{Guo-05a,
  author =    {Hai-Feng Guo and B. Jayaraman},
  title =     {{Mode-directed Preferences for Logic Programs}},
  booktitle = {ACM Symposium on Applied Computing},
  pages =     {1414--1418},
  OPTeditor =    {H. Haddad and L. M. Liebrock and A. Omicini and R. L. Wainwright},
  publisher = {ACM},
  OPTmonth =   {March},
  year =      {2005},
  OPTaddress =   {Santa Fe, New Mexico},
}

@InProceedings{Guo-05b,
  author =    {Hai-Feng Guo and B. Jayaraman and G. Gupta and M. Liu},
  title =     {{Optimization with Mode-Directed Preferences}},
  booktitle = {ACM International Conference on Principles and Practice of Declarative Programming},
  pages =     {242--251},
  OPTeditor =    {P. Barahona and A. P. Felty},
  publisher = {ACM},
  OPTmonth =   {July},
  year =      {2005},
  OPTaddress =   {Lisbon, Portugal},
}

@Article{Guo-08,
  author =  {Hai-Feng Guo and G. Gupta},
  title =   {{Simplifying Dynamic Programming via Mode-directed Tabling}},
  journal = {Software Practice and Experience},
  pages =   {75--94},
  volume =  {38},
  number =  {1},
  year =    {2008},
}

@Phdthesis{Gupta-PhD,
  author = {G. Gupta},
  title =  {{Parallel Execution of Logic Programs on Multiprocessor Architectures}},
  school = {Department of Computer Science, University of North Carolina},
  OPTmonth =  {December},
  year =   {1991},
}

@Article{Gupta-93,
  author =  {G. Gupta and B. Jayaraman},
  title =   {{Analysis of Or-parallel Execution Models}},
  journal = {ACM Transactions on Programming Languages},
  volume =  {15},
  number =  {4},
  pages =   {659--680},
  year =    {1993},
  OPTmonth =   {September},
}

@InProceedings{Gupta-94,
  author =    {G. Gupta and E. Pontelli and M. V. Hermenegildo and V. {Santos Costa}},
  title =     {{ACE: And/Or-parallel Copying-based Execution of Logic Programs}},
  year =      {1994},
  booktitle = {International Conference on Logic Programming},
  publisher = {The MIT Press},
  pages =     {93--109},
}

@Article{Gupta-96,
  author =  {G. Gupta and V. {Santos Costa}},
  title =   {{Cuts and Side-Effects in And-Or Parallel Prolog}},
  year =    {1996},
  journal = {Journal of Logic Programming},
  pages =   {45--71},
  volume =  {27},
  number =  {1},
}

@Techreport{Gupta-97,
  author =      {G. Gupta and K. Ali and M. Carlsson and M. V. Hermenegildo},
  title =       {{Parallel Execution of Prolog Programs: A Survey}},
  institution = {Laboratory for Logic, Databases and Advanced Programming, New Mexico State University},
  year =        {1997},
  type =        {Research Report},
  OPTaddress = 	{New Mexico, USA},
}

@InProceedings{Gupta-99,
  author =    {G. Gupta and E. Pontelli},
  title =     {{Stack Splitting: A Simple Technique for Implementing Or-parallelism on Distributed Machines}},
  booktitle = {International Conference on Logic Programming},
  pages =     {290--304},
  year =      {1999},
  publisher = {The MIT Press},
}

@Article{Gupta-01,
  author =  {G. Gupta and E. Pontelli and K. Ali and M. Carlsson and M. V. Hermenegildo},
  title =   {{Parallel Execution of Prolog Programs: A Survey}},
  journal = {ACM Transactions on Programming Languages and Systems},
  year =    {2001},
  volume =  {23},
  number =  {4},
  pages =   {472--602},
  OPTmonth =  {July},
}

@InProceedings{Guzman-08,
  author =    {P. C. de Guzmán and M. Carro and M. V. Hermenegildo and C. Silva and R. Rocha},
  title =     {{An Improved Continuation Call-Based Implementation of Tabling}},
  booktitle = {International Symposium on Practical Aspects of Declarative Languages},
  pages =     {197--213},
  number =    {4902},
  series =    {LNCS},
  publisher = {Springer},
  OPTeditor =    {P. Hudak and D. S. Warren},
  OPTmonth =     {January},
  year =      {2008},
  OPTaddress =   {San Francisco, California, USA},
}

@InProceedings{Guzman-09a,
  author =    {P. C. de Guzmán and M. Carro and M. V. Hermenegildo},
  title =     {{Towards a Complete Scheme for Tabled Execution Based on Program Transformation}},
  booktitle = {International Symposium on Practical Aspects of Declarative Languages},
  pages =     {224--238},
  number =    {5418},
  series =    {LNCS},
  publisher = {Springer},
  OPTeditor =    {A. Gill and T. Swift},
  OPTmonth =     {January},
  year =      {2009},
  OPTaddress =   {Savannah, Georgia, USA},
}

@InProceedings{Guzman-09b,
  author =    {P. C. de Guzmán and M. Carro and M. Hermenegildo},
  title =     {{A Tabling Implementation Based on Variables with Multiple Bindings}},
  booktitle = {International Conference on Logic Programming},
  pages =     {190-204},
  number =    {5649},
  series =    {LNCS},
  publisher = {Springer},
  OPTeditor =    {P. Hill and D. S. Warren},
  OPTmonth =     {July},
  year =      {2009},
  OPTaddress =   {Pasadena, California, USA},
}
% ----- H -----
@Article{Hansen-69,
  author =    {W. J. Hansen},
  title =     {{Compact List Representation: Definition, Garbage Collection, and System Implementation}},
  journal =   {Communications of the ACM},
  volume =    {12},
  number =    {9},
  year =      {1969},
  pages =     {499--507},
}


@incollection{Harris-05,
  author={Purcell, Chris and Harris, Tim},
  year={2005},
  booktitle={Distributed Computing},
  volume={3724},
  series={Lecture Notes in Computer Science},
  title={Non-blocking Hashtables with Open Addressing},
  publisher={Springer Berlin Heidelberg},
  pages={108-121},
}


@InProceedings{Harris-02,
  author =    {T. L. Harris and K. Fraser and I. A. Pratt},
  title =     {{A Practical Multi-Word Compare-and-Swap Operation}},
  booktitle = {International Symposium on Distributed Computing},
  year =      {2002},
  pages =     {265--279},
  publisher = {Springer}
}


@inproceedings{Harris-01,
 author = {Harris, Timothy L.},
 title = {A Pragmatic Implementation of Non-blocking Linked-Lists},
 booktitle = {Proceedings of the 15th International Conference on
                  Distributed Computing},
 series = {DISC '01},
 year = {2001},
 pages = {300--314},
 numpages = {15},
 publisher = {Springer-Verlag},
 OPTaddress = {London, UK, UK},
} 


@Phdthesis{Hausman-PhD,
  author = {B. Hausman},
  title =  {{Pruning and Speculative Work in OR-Parallel PROLOG}},
  school = {The Royal Institute of Technology},
  year =   {1990},
  OPTmonth =   {March},
  OPTaddress = {Stockholm, Sweden},
}

@InProceedings{Hausman-89,
  author =    {B. Hausman},
  title =     {{Pruning and Scheduling Speculative Work in Or-Parallel Prolog}},
  booktitle = {Conference on Parallel Architectures and Languages Europe},
  publisher = {Springer},
  number =    {365},
  series =    {LNCS},
  pages =     {133--150},
  OPTmonth =     {June},
  year =      {1989},
  OPTaddress =   {Eindhoven, The Netherlands},
}

@InProceedings{Hendler-04,
  author =    {D. Hendler and N. Shavit and L. Yerushalmi},
  title =     {{A Scalable Lock-free Stack Algorithm}},
  booktitle = {ACM Symposium on Parallelism in Algorithms and Architectures},
  year =      {2004},
  OPTaddress =   {Barcelona, Spain},
  OPTmonth =     {June},
  pages =     {206--215},
  publisher = {ACM},
} 

@InProceedings{Herlihy-87,
  author =    {M. Herlihy and J. M. Wing},
  title =     {{Axioms for Concurrent Objects}},
  booktitle = {ACM Symposium on Principles of Programming Languages},
  publisher = {ACM},
  pages =     {13--26},
  year =      {1987},
  OPTaddress =   {Munich, Germany},
} 

@Article{Herlihy-90,
  author =    {M. Herlihy and J. M. Wing},
  title =     {{Linearizability: a correctness condition for concurrent objects}},
  journal =   {ACM Transactions on Programming Languages and Systems},
  year =      {1990},
  volume =    {12},
  number =    {3},
  pages =     {463--492},
} 

@Article{Herlihy-91,
  author =    {M. Herlihy},
  title =     {{Wait-free synchronization}},
  journal =   {ACM Transactions on Programming Languages and Systems},
  year =      {1991},
  volume =    {13},
  number =    {1},
  pages =     {124--149},
} 


@article{Herlihy-93,
 author = {Herlihy, Maurice},
 title = {A Methodology for Implementing Highly Concurrent Data
                  Objects},
 journal = {ACM Trans. Program. Lang. Syst.},
 issue_date = {Nov. 1993},
 volume = {15},
 number = {5},
 month = nov,
 year = {1993},
 OPTpages = {745--770},
 publisher = {ACM},
 address = {New York, NY, USA},
} 




@inproceedings{Herlihy-03,
 author = {Herlihy, M. and Luchangco, V. and Moir, M.},
 title = {Obstruction-Free Synchronization: Double-Ended Queues As an
                  Example},
 booktitle = {Proceedings of the 23rd International Conference on
                  Distributed Computing Systems},
 series = {ICDCS '03},
 year = {2003},
 publisher = {IEEE Computer Society},
 address = {Washington, DC, USA},
} 



@Book{Herlihy-08,
  author =    {M. Herlihy and N. Shavit},
  title =     {{The Art of Multiprocessor Programming}},
  publisher = {Morgan Kaufmann},
  year =      {2008},
} 


@incollection{Herlihy-11,
  author={Herlihy, M. and Shavit, N.},
  title={On the Nature of Progress},
  year={2011},
  booktitle={Principles of Distributed Systems},
  volume={7109},
  series={Lecture Notes in Computer Science},
  publisher={Springer Berlin Heidelberg},
  pages={313-328},
}


@article{Herrmann-00,
  author =  {C. A. Herrmann and C. Lengauer},
  title =   {{HDC: A Higher-Order Language for Divide-and-Conquer}},
  journal = {Parallel Processing Letters},
  year =    {2000},
  volume =  {10},
  number =  {2/3},
  pages =   {239--250},
}

@PhdThesis{Hermenegildo-Phd,
  author = {M. V. Hermenegildo},
  title =  {{An Abstract Machine Based Execution Model for Computer Architecture Design and Efficient Implementation of Logic Programs in Parallel}},
  school = {University of Texas},
  year =   {1986},
  OPTaddress = {Austin, Texas, USA},
}

@Article{Hermenegildo-91,
  author =    {M. V. Hermenegildo and K. Greene},
  title =     {{The \&-Prolog System: Exploiting Independent And-Parallelism}}, 
  journal =   {New Generation Computing},
  publisher = {Ohmsha and Springer},
  year =      {1991},
  volume =    {9},
  number =    {3-4},
  pages =     {233--257},
}

@Article{Hermenegildo-12,
  author =    {M. V. Hermenegildo and F. Bueno and M. Carro and P. López-García and E. Mera and J. F. Morales and G. Puebla},
  title =     {{An Overview of Ciao and its Design Philosophy}},
  journal =   {Journal of Theory and Practice of Logic Programming},
  pages =     {219--252},
  volume =    {12},
  number =    {1 \& 2},
  year =      {2012},
}

@PhdThesis{Hu-PhD,
  author =  {R. Hu},
  title =   {{Efficient Tabled Evaluation of Normal Logic Programs in a Distributed Environment}},
  school =  {Department of Computer Science, State University of New York},
  OPTmonth =   {December},
  year =    {1997},
  OPTaddress = {Stony Brook, USA},
}
% ----- I -----
% ----- J -----
@InProceedings{Jarke-84,
  author =    {M. Jarke and J. Clifford and Y. Vassiliou},
  title =     {{An Optimizing Prolog Front-End to a Relational Query System}},
  booktitle = {ACM International Conference on the Management of Data},
  year =      {1984},
  pages =     {296--306},
  publisher = {ACM},
  OPTmonth =     {June},
  OPTaddress =   {Boston, Maryland, USA},
}

@Article{Johnson-95,
  author =    {M. Johnson},
  title =     {Memoization in Top-Down Parsing},
  journal =   {Computational Linguistics},
  volume =    {21},
  number =    {3},
  year =      {1995},
  pages =     {405--417},
  publisher = {MIT Press},
}

@InProceedings{Johnson-99,
  author =    {E. Johnson and C. R. Ramakrishnan and I. V. Ramakrishnan and P. Rao},
  title =     {{A Space Efficient Engine for Subsumption-Based Tabled Evaluation of Logic Programs}},
  booktitle = {Fuji International Symposium on Functional and Logic Programming},
  pages =     {284--300},
  year =      {1999},
  number =    {1722},
  series =    {LNCS},
  publisher = {Springer},
  OPTaddress =   {Tsukuba, Japan},
}

@InProceedings{Johnson-00,
  author =    {E. Johnson},
  title =     {{Interfacing a Tabled-WAM Engine to a Tabling Subsystem Supporting Both Variant and Subsumption Checks}},
  booktitle = {Conference on Tabulation in Parsing and Deduction},
  pages =     {155--162},
  OPTmonth =     {September},
  year =      {2000},
  OPTaddress =   {Vigo, Spain},
}
% ----- K -----
@Phdthesis{Karlsson-PhD,
  author = {R. Karlsson},
  title =  {{A High Performance OR-parallel Prolog System}},
  school = {The Royal Institute of Technology},
  year =   {1992},
  OPTmonth =   {March},
  OPTaddress = {Stockholm, Sweden},
}

@Techreport{Karlsson-92,
  author =      {R. Karlsson},
  title =       {{How to Build Your Own OR-Parallel Prolog System}},
  institution = {Swedish Institute of Computer Science},
  year =        {1992},
  OPTmonth =       {March},
  type =        {{SICS Research Report R92:03}},
}


@Book{Keefe-90,
  author =    {Richard A. O'Keefe},
  title =     {{The Craft of Prolog}},
  publisher = {The MIT Press},
  year =      {1990},
}


@InProceedings{Kimmig-08,
  author =    {A. Kimmig and V. {Santos Costa} and R. Rocha and B. Demoen and L. De Raedt},
  title =     {{On the Efficient Execution of ProbLog Programs}},
  booktitle = {International Conference on Logic Programming},
  pages =     {175--189},
  number =    {5366},
  series =    {LNCS},
  publisher = {Springer},
  OPTeditor =    {M. Garcia de la Banda and E. Pontelli},
  OPTmonth =     {December},
  year =      {2008},
  OPTaddress =   {Udine, Italy},
}

@Article{Kimmig-11,
  author =    {A. Kimmig and B. Demoen and L. De Raedt and V. Santos Costa and R. Rocha},
  title =     {{On the Implementation of the Probabilistic Logic Programming Language ProbLog}},
  journal =   {Theory and Practice of Logic Programming},
  pages =     {235--262},
  volume =    {11},
  number =    {2 \& 3},
  year =      {2011},
}

@Book{Knuth-98,
  author =    {D. E. Knuth},
  title =     {{The art of computer programming,  volume 3: (2nd ed.) sorting and searching}},
  year =      {1998},
  publisher = {Addison-Wesley Longman},
} 

@InProceedings{Kovacs-92,
  author =    {L. Kovács},
  title =     {{An Incremental Prolog System development for the Floor Plan Design by Dissecting}},
  booktitle = {Proceedings of the International Conference on Practical Application of Prolog},
  volume =    {1},
  pages =     {1--18},
  OPTmonth =     {April},
  year =      {1992},
  OPTaddress =   {London, UK},
}

@Article{Kowalski-71,
  author =    {R. Kowalski and D. Kuehner},
  title =     {{Linear Resolution with Selection Function}},
  journal =   {Artificial Intelligence},
  volume =    {2},
  number =    {3/4},
  pages =     {227--260},
  year =      {1971},
}

@InProceedings{Kowalski-74,
  author =    {R. Kowalski},
  title	=     {{Predicate Logic as a Programming Language}},
  booktitle = {Information Processing},
  pages =     {569--574},
  year =      {1974},
  publisher = {North-Holland},
}

@Book{Kowalski-79,
  author =    {R. Kowalski},
  title =     {{Logic for Problem Solving}},
  year =      {1979},
  publisher = {North-Holland},
  series =    {Artificial Intelligence Series},
}

@Article{Kozen-83,
  author =  {D. Kozen},
  title =   {{Results on the propositional $\mu$-calculus}},
  journal = {Theoretical Computer Science},
  year =    {1983},
  volume =  {27},
  pages =   {333--354},
}

@Book{Kumar-02,
  author =    {V. Kumar},
  title =     {{Introduction to Parallel Computing}},
  year =      {2002},
  edition =   {2nd},
  publisher = {Addison-Wesley},
} 

@book{Kumar-94,
 author = {Kumar, Vipin and Grama, Ananth and Gupta, Anshul and
                  Karypis, George},
 title = {Introduction to Parallel Computing: Design and Analysis of
                  Algorithms},
 year = {1994},
 publisher = {Benjamin-Cummings Publishing Co., Inc.},
 OPTaddress = {Redwood City, CA, USA},
} 


% ----- L -----
@PhDThesis{Laag-PhD,
  author =  {P. R. J. van der Laag},
  title =   {{An Analysis of Refinement Operators in Inductive Logic Programming}},
  school =  {Erasmus Universiteit},
  year =    {1995},
  address = {Rotterdam, Netherlands},
}

@article{Larson-98,
 author = {{P. Larson and K. Murali}},
 title = {Memory Allocation for Long-running Server Applications},
 journal = {SIGPLAN Not.},
 volume = {34},
 number = {3},
 year = {1998},
 pages = {176--185},
 publisher = {ACM},
 address = {New York, NY, USA},
} 

@Book{Lea-99,
  author =    {D. Lea},
  title =     {{Concurrent Programming in Java¿: Design Principles and Pattern}},
  year =      {1999},
  publisher = {Addison-Wesley},
  edition =   {second},
}



@Inproceedings {Levandoski-13,
  author       = {Justin Levandoski and David Lomet and Sudipta
                  Sengupta},
  title        = {The Bw-Tree: A B-tree for New Hardware},
  booktitle    = {2013 IEEE 29th International Conference on Data
                  Engineering (ICDE)},
  month        = {April},
  publisher    = {International Conference on Data Engineering},
  year         = {2013},
}


@Inproceedings{Liang-09,
  author =    {S. Liang and P.Fodor and H. Wan and M.Kifer},
  title =     {{OpenRuleBench: An Analysis of the Performance of Rule Engines}},
  booktitle = {Internacional World Wide Web Conference},
  pages =     {601--610},
  publisher = {ACM},
  OPTmonth =     {April},
  year =      {2009},
  OPTaddress =   {Madrid, Spain},
}

@Book{Lloyd-87,
  author =    {J. W. Lloyd},
  title =     {{Foundations of Logic Programming}},
  publisher = {Springer},
  year =      {1987},
}

@Article{Loogen-05,
  author    = {R. Loogen and Y. Ortega-Mallén and R. Peña-Marí},
  title     = {{Parallel functional programming in Eden}},
  journal   = {Journal of Functional Programming},
  volume    = {15},
  number    = {3},
  pages     = {431--475},
  year      = {2005},
}


@InProceedings{Lopes-01,
  author =    {R. Lopes and V. {Santos Costa} and F. Silva},
  title =     {{A Novel Implementation of the Extended Andorra Model}},
  booktitle = {International Symposium on Practical Aspects of Declarative Languages},
  pages =     {199--213},
  number =    {1990},
  series =    {LNCS},
  publisher = {Springer},
  year =      {2001},
}
% ----- M -----
@InProceedings{Maier-2002,
  author =    {F. Maier and D. Nute and W. Potter and J. Wang and M. J. Twery and H. M. Rauscher and P. Knopp and S. Thomasma and M. Dass and H. Uchiyama},
  title =     {{PROLOG/RDBMS Integration in the NED Intelligent Information System}},
  booktitle = {Confederated International Conferences DOA, CoopIS and ODBASE},
  year =      {2002},
  pages =     {528},
  OPTeditor =    {Robert Meersman and Zahir Tari},
  publisher = {Springer},
  series =    {LNCS},
  number =    {2519},
  OPTmonth =     {October-November},
  OPTaddress =   {Irvine, California, USA},
}


@InProceedings{Mantadelis-10,
  author =    {T. Mantadelis, R. Rocha, A. Kimmig and G. Janssens},
  title =     {{Preprocessing Boolean Formulae for BDDs in a Probabilistic Context}},
  booktitle = {European Conference on Logics in Artificial Intelligence},
  pages =     {262--274},
  number =    {6341},
  series =    {LNAI},
  publisher = {Springer},
  OPTeditor =    {T. Janhunen and I. Niemelä},
  OPTmonth =     {September},
  year =      {2010},
  OPtaddress =   {Helsinki, Finland},
}


@inproceedings{Masmano-06,
 author = {Masmano, Miguel and Ripoll, Ismael and Crespo, Alfons},
 title = {A Comparison of Memory Allocators for Real-time
                  Applications},
 booktitle = {Proceedings of the 4th International Workshop on Java
                  Technologies for Real-time and Embedded Systems},
 pages = {68--76},
 series = {JTRES '06},
 publisher = {ACM},
 year = {2006},
 OPTaddress = {New York, NY, USA},
} 

@Book{Martello-90,
  author =    {S. Martello and P. Toth},
  title =     {{Knapsack Problems: Algorithms and Computer Implementations}},
  year =      {1990},
  publisher = {John Wiley and Sons},
} 


@Phdthesis{Marques-PhD,
  author = {R. Marques},
  title =  {{Concurrent Tabling: Algorithms and Implementation}},
  school = {Department of Computer Science, New University of Lisbon},
  OPTmonth =   {November},
  year =    {2007},
  OPTaddress = {Lisbon, Portugal},
}

@InProceedings{Marques-00,
  author =    {R. Marques and T. Swift and J. Cunha},
  title =     {{An Architecture for a Multi-threaded Tabling Engine}},
  booktitle = {Conference on Tabulation in Parsing and Deduction},
  pages =     {141--154},
  OPTmonth =     {September},
  year =      {2000},
  OPTaddress =   {Vigo, Spain},
}

@InProceedings{Marques-08,
  author =    {R. Marques and T. Swift},
  title =     {{Concurrent and Local Evaluation of Normal Programs}},
  booktitle = {International Conference on Logic Programming},
  pages =     {206--222},
  number =    {5366},
  series =    {LNCS},
  publisher = {Springer},
  OPTeditor =    {M. Garcia de la Banda and E. Pontelli},
  OPTmonth =     {December},
  year =      {2008},
  OPTaddress =   {Udine, Italy},
}

@InProceedings{Marques-10,
  author    = {R. Marques and T. Swift and J. C. Cunha},
  title =     {{A Simple and Efficient Implementation of Concurrent Local Tabling}},
  booktitle = {International Symposium on Practical Aspects of Declarative Languages},
  pages =     {264--278},
  number =    {5937},
  series =    {LNCS},
  publisher = {Springer},
  OPTeditor =    {M. Carro and R. Peña},
  OPTmonth =     {January},
  year =      {2010},
  OPTaddress =   {Madrid, Spain},
}

@Article{Mattern-87,
  author =  {F. Mattern},
  title =   {{Algorithms for Distributed Termination Detection}},
  journal = {Distributed Computing},
  year =    {1987},
  volume =  {2},
  number =  {3},
  pages =   {161--175},
}

@Article{Mattern-89,
  author =  {F. Mattern},
  title =   {{Global Quiescence Detection based on Credit Distribution and Recovery}},
  journal = {Information Processing Letters},
  year =    {1989},
  volume =  {30},
  number =  {4},
  pages =   {195--200},
}


@article{Maurer-75,
 author = {Maurer, W. D. and Lewis, T. G.},
 title = {Hash Table Methods},
 journal = {ACM Comput. Surv.},
 year = {March 1975},
 volume = {7},
 number = {1},
 pages = {5--19},
 numpages = {15},
 publisher = {ACM},
}

@Article{McCune-92,
  author =  {W. W. McCune},
  title =   {{Experiments with Discrimination - Tree Indexing and Path Indexing for Term Retrieval}},
  journal = {Journal of Automated Reasoning},
  year =    {1992},
  volume =  {9},
  number =  {2},
  pages =   {147--167},
}

@InProceedings{McCreath-95,
  author =    {E. McCreath and A. Sharma},
  title =     {{Extraction of meta-knowledge to restrict the hypothesis space for ILP systems}},
  booktitle = {Australian Joint Conference on Artificial Intelligence},
  pages =     {75--82},
  year =      {1995},
  OPTeditor =    {X. Yao},
  OPTmonth =     {November},
  publisher = {World Scientific},
}

@InProceedings{Miceli-09,
  author =    {C. Miceli and M. Miceli and S. Jha and H. Kaiser and A. Merzky},
  title =     {{Programming Abstractions for Data Intensive Computing on Clouds and Grids}},
  booktitle = {IEEE/ACM International Symposium on Cluster Computing and the Grid},
  year =      {2009},
  pages =     {478--483},
  publisher = {IEEE Computer Society}
}

@InProceedings{Michael-02,
  author =    {M. M. Michael},
  title =     {{High Performance Dynamic Lock-Free Hash Tables and List-Based Sets}},
  booktitle = {ACM Symposium on Parallel Algorithms and Architectures},
  year =      {2002},
  OPTaddress =   {Winnipeg, Manitoba, Canada},
  pages =     {73--82},
  OPTmonth =     {August},
  publisher = {ACM},
} 

@Article{Michael-04,
  author =    {M. M. Michael},
  title =     {{Hazard Pointers: Safe Memory Reclamation for Lock-Free Objects}},
  journal =   {IEEE Transactions on Parallel and Distributed Systems},
  volume =    {15},
  number =    {6},
  year =      {2004},
  pages =     {491--504},
  OPTmonth =     {June},
  publisher = {IEEE Computer Society},
} 


@article{Michael-04b,
 author = {M. M. Michael},
 title = {Scalable Lock-free Dynamic Memory Allocation},
 journal = {SIGPLAN Not.},
 volume = {39},
 number = {6},
 year = {2004},
 pages = {35--46},
 numpages = {12},
 publisher = {ACM},
} 





@TechReport{Michalski-78,
  author =	{R. S. Michalski and J. B. Larson},
  title =	{{Selection of Most Representative Training Examples and Incremental Generation of VL918 Hypotheses: The Underlying Mehtodology and the Description of Programs ESEL and AQ11}},
  institution = {Department of Computer Science, University of Illinois at Urbana-Champaign},
  OPTaddress =	{Urbana, Illinois},
  year = 	{1978},
  number =	{867},
  pages =	{55},
}

@Article{Michie-68,
  author =  {D. Michie},
  title =   {{Memo Functions and Machine Learning}},
  journal = {Nature},
  year =    {1968},
  OPTmonth =   {April},
  volume =  {218},
  pages =   {19--22},	
}

@Book{Milner-89,
  author =    {R. Milner},
  title =     {{Communication and Concurrency}},
  publisher = {Prentice Hall},
  series =    {International Series in Computer Science},
  year =      {1989},
}

@Book{Minker-87,
  title =     {{Foundations of Deductive Databases and Logic Programming}},
  editor =    {Jack Minker},
  publisher = {Morgan Kaufmann},
  year =      {1987},
  OPTmonth =  {September},
}

@InProceedings{Morik-97,
  author =    {K. Morik},
  title =     {{Knowledge Discovery in Databases - an Inductive Logic Programming Approach}},
  booktitle = {Foundations of Computer Science: Potential - Theory - Cognition},
  pages =     {429--436},
  year =      {1997},
  publisher = {Springer},
  OPTaddress =   {London, UK},
}

@PhdThesis{Moura-PhD,
  author =  {P. Moura},
  title =   {{Logtalk -- Design of an Object-Oriented Logic Programming Language}},
  school =  {Department of Computer Science, University of Beira Interior},
  OPTmonth = {September},
  year =    {2003},
  OPTaddress = {Portugal},
}

@InProceedings{Moura-08a,
  author =    {P.Moura and P. Crocker and P. Nunes},
  title =     {{High-Level Multi-threading programming in Logtalk}},
  booktitle = {International Symposium on Practical Aspects of Declarative Languages},
  pages =     {265--281},
  number =    {4902},
  series =    {LNCS},
  publisher = {Springer},
  OPTeditor =    {P. Hudak and D. S. Warren},
  OPTmonth =     {January},
  year =      {2008},
  OPTaddress =   {San Francisco, California, USA},
}
 
@Misc{Moura-08b,
  author =    {P. Moura},
  title =     {{ISO/IEC DTR 13211--5:2007 Prolog Multi-threading Predicates}},
  year =      {2008},
  url =       {http://logtalk.org/plstd/threads.pdf},
}

@InProceedings{Moura-08,
  author =    {P. Moura and P. Crocker and P. Nunes},
  title =     {{High-Level Multi-threading Programming in Logtalk}},
  booktitle = {International Symposium on Practical Aspects of Declarative Languages},
  pages =     {265--281},
  number =    {4902},
  series =    {LNCS},
  publisher = {Springer},
  OPTeditor =    {P. Hudak and D. S. Warren},
  OPTmonth =     {January},
  year =      {2008},
  OPTaddress =   {San Francisco, CA, USA},
}

@InProceedings{Moura-09,
  author =    {P. Moura and R. Rocha and S. C. Madeira},
  title =     {{High Level Thread-Based Competitive Or-Parallelism in Logtalk}},
  booktitle = {International Symposium on Practical Aspects of Declarative Languages},
  pages =     {107--121},
  number =    {5418},
  series =    {LNCS},
  publisher = {Springer},
  OPTeditor =    {A. Gill and T. Swift},
  OPTmonth =     {January},
  year =      {2009},
  OPTaddress =   {Savannah, Georgia, USA},
}

@InProceedings{Muggleton-90,
  author =    {S. Muggleton},
  title =     {{Inductive Logic Programming}},
  booktitle = {Conference on Algorithmic Learning Theory},
  pages =     {43--62},
  publisher = {Ohmsma},
  OPTmonth =     {October},
  year =      {1990},
  OPTaddress =   {Tokyo, Japan},
}

@Article{Muggleton-94,
  author =  {S. Muggleton and L. De Raedt},
  title =   {{Inductive Logic Programming: Theory and Methods}},
  journal = {Journal of Logic Programming},
  volume =  {19/20},
  pages =   {629-679},
  year =    {1994},
}

@Article{Muggleton-95,
  author =  {S. Muggleton},
  title =   {{Inverse Entailment and Progol}},
  journal = {New Generation Computing, Special Issue on Inductive Logic Programming},
  year =    {1995},
  volume =  {13},
  pages =   {245--286},
}

@InCollection{Muggleton-01,
  author =    {S. Muggleton and J. Firth},
  title =     {{Relational Rule Induction with CProgol4.4: A Tutorial Introduction}},
  booktitle = {Relational Data Mining},
  OPTeditor =    {Saso Dzeroski and Nada Lavrac},
  publisher = {Springer},
  pages =     {160--188},
  OPTmonth =     {September},
  year =      {2001},
}
% ----- N -----
@InCollection{Nedellec-96,
  author =    {C. Nédellec and C. Rouveirol and H. Adé and F. Bergadano and B. Tausend},
  title =     {{Declarative Bias in ILP}},
  booktitle = {Advances in Inductive Logic Programming},
  pages =     {82--103},
  publisher = {IOS Press},
  year =      {1996},
  editor =    {L. De Raedt},
}

@Book{Nilsson-95,
  author =    {U. Nilsson and J. Maluszynski},
  title =     {{Logic, Programming and Prolog}},
  publisher = {John Wiley and Sons},
  year =      {1995},
}
% ----- O -----
@InProceedings{Ohlbach-90,
  author =    {H. J. Ohlbach},
  title =     {{Abstraction Tree Indexing for Terms}},
  booktitle = {European Conference on Artificial Intelligence},
  pages =     {479--484},
  year =      {1990},
  OPTaddress =	 {Stockholm, Sweden},
  publisher = {Pitman Publishing}
}
% ----- P -----
@InProceedings{Pallickara-09,
  author =    {S. Pallickara and J. Ekanayake and G. Fox},
  title =     {{Granules: A Lightweight, Streaming Runtime for Cloud Computing with Support, for Map-Reduce}},
  booktitle = {International Conference on Cluster Computing and Workshops},
  pages =     {1--10},
  year =      {2009},
  publisher = {IEEE Computer Society},
  OPTaddress =   {New Orleans, Louisiana, USA},
  OPTmonth =     {September},
}

@InProceedings{Papadimitriou-08,
  author =    {S. Papadimitriou and J. Sun},
  title =     {{DisCo: Distributed Co-clustering with Map-Reduce: A Case Study Towards Petabyte-Scale End-to-End Mining}},
  booktitle = {International Conference on Data Mining},
  pages =     {512--521},
  year =      {2008},
  publisher = {IEEE Computer Society},
  OPTaddress =   {Pisa, Italy},
  OPTmonth =     {December},
}

@Article{Parsaye-83,
  author =    {K. Parsaye},
  title =     {{Logic Programming and Relational Databases}},
  journal =   {IEEE Database Engineering Bulletin},
  volume =    {6},
  number =    {4},
  year =      {1983},
  pages     = {20--29},
  OPTmonth =     {December},
}

@InProceedings{Pavlo-09,
  author =    {A. Pavlo and E. Paulson and A. Rasin and D. J. Abadi and D. J. DeWitt and S. Madden and M. Stonebraker},
  title =     {{A Comparison of Approaches to Large-Scale Data Analysis}},
  booktitle = {ACM International Conference on the Management of Data},
  publisher = {ACM},
  pages =     {165--178},
  OPTmonth =  {June},
  year =      {2009},
  OPTaddress =   {Providence, Rhode Island, USA},
}

@InProceedings{Pelaez-07,
  author =    {I. Peláez and F. Almeida and F. Suárez},
  title =     {{DPSKEL: A Skeleton Based Tool for Parallel Dynamic Programming}},
  booktitle = {International Conference on Parallel Processing and Applied Mathematics},
  pages =     {1104--1113},
  publisher = {Springer},
  series =    {LNCS},
  number =    {4967},
  year =      {2007},
}


@InProceedings{Pemmasani-04,
  author =    {G. Pemmasani and Hai-Feng Guo and Y. Dong and C. R. Ramakrishnan and I. V. Ramakrishnan},
  title =     {{Online Justification for Tabled Logic Programs}},
  booktitle = {International Symposium on Functional and Logic Programming},
  pages =     {24--38},
  number =    {2998},
  series =    {LNCS},
  publisher = {Springer},
  OPTeditor =    {Y. Kameyama and P. J. Stuckey},
  OPTmonth =     {April},
  year =      {2004},
  OPTaddress =   {Nara, Japan},
}


@Article{Pfaff-03,
  author =    {T. J. Pfaff and M. M. Tran},
  title =     {{The Generalized Jug Problem}},
  journal =   {Journal of Recreational Mathematics},
  year =      {2003},
  volume =    {31},
  number =    {2},
  pages =     {100--103},
  publisher = {Baywood},
  OPTaddress =   {USA},
}

@PhdThesis{Pientka-PhD,
  author =  {B. Pientka},
  title =   {{Tabled Higher-order Logic Programming}},
  school =  {Computer Science Department, Carnegie Mellon University},
  year =    {2003},
  OPTaddress = {Pittsburgh, Pennsylvania, USA},
  OPTmonth =   {December},
}


@Article{Pisinger-94,
    author = {David Pisinger},
    title = {Core problems in Knapsack Algorithms.},
    journal = {Operations Research},
    year = {1994},
    volume = {47},
    pages = {570--575}
}





@InProceedings{Pontelli-95,
  author =    {E. Pontelli and G. Gupta and M. V. Hermenegildo},
  title =     {{A High-Performance Parallel Prolog System}},
  booktitle = {International Parallel Processing Symposium},
  publisher = {IEEE Computer Society},
  pages =     {564--571},
  OPTmonth =  {April},
  year =      {1995},
}

@Article{Pontelli-96,
  author =  {E. Pontelli and G. Gupta and D. Tang and M. Carro and M. V. Hermenegildo},
  title =   {{Improving the Efficiency of Nondeterministic Independent And-Parallel Systems}},
  journal = {Journal of Computer Languages},
  volume=   {22},
  number =  {2/3},
  pages =   {115--142},
  year =    {1996},
}

@InProceedings{Pontelli-97,
  author =    {E. Pontelli and G. Gupta},
  title =     {{Implementation Mechanisms for Dependent And-Parallelism}},
  booktitle = {International Conference on Logic Programming},
  publisher = {The MIT Press},
  pages =     {123--137},
  year =      {1997},
  OPTmonth =     {June},
  OPTaddress =   {Leuven, Belgium},
}

@Article{Pontelli-06,
  author =  {E. Pontelli and K. Villaverde and Hai-Feng Guo and G. Gupta},
  title =   {{Stack splitting: A technique for efficient exploitation of search parallelism on share-nothing platforms}},
  journal = {Journal of Parallel and Distributed Computing},
  volume =  {66},
  number =  {10},
  pages =   {1267--1293},
  year =    {2006},
}



@TechReport{Prakash-91,
  author = 	{S. Prakash and Y. Lee and T. Johnson},
  title = 	{{Non-Blocking Algorithms for Concurrent Data
                  Structures}},
  institution = {Department of Computer and Information Sciences,
                  University of Florida},
  year = 	{1991},
  number =	{TR91-002},
}

@InProceedings{Prokopec-12,
  author =    {A. Prokopec and N. G. Bronson and P. Bagwell and M. Odersky},
  title =     {{Concurrent Tries with Efficient Non-Blocking Snapshots}},
  booktitle = {ACM Symposium on Principles and Practice of Parallel Programming},
  year =      {2012},
  OPTaddress =   {New Orleans, Louisiana, USA},
  pages =     {151--160},
  publisher = {ACM},
} 


@PhdThesis{Prokopec-PhD,
  author =  {A. Prokopec},
  title =   {{Data Structures and Algorithms for Data-Parallel
Computing in a Managed Runtime}},
  school =  {École Polytechnique Fédérale de Lausanne},
  OPTmonth =   {July},
  year =    {2014},
  OPTaddress = {Lausanne, Switzerland},
}


@InProceedings{Purcell-05,
  author =    {C. Purcell and T. Harris},
  title =     {{Non-blocking Hashtables with Open Addressing}},
  booktitle = {International Symposium on Distributed Computing},
  pages =     {108--121},
  number =    {3724},
  series =    {LNCS},
  publisher = {Springer},
  OPTeditor =    {P. Fraigniaud},
  year =      {2005},
  OPTaddress =   {Cracow, Poland},
  OPTmonth =     {September},
}

@InProceedings{Pusch-96,
  author =       {C. Pusch},
  title =        {{Verification of compiler correctness for the WAM}},
  booktitle =    {Proceedings of the 9th International Conference on
                  Theorem Proving in Higher Order Logics(TPHOL-96)},
  Optpages =     {235--249},
  number =       {1125},
  series =       {LNCS},
  publisher =    {Springer-Verlag},
  editor =       {J. Wright and J. Grundy and J. Harrison},
  OPTmonth =     {October},
  year =         {1996},
  address =      {Turku, Finland},
}

% ----- Q -----
@InProceedings{Quinlan-93,
  author =    {J. R. Quinlan and R. M. Cameron-Jones},
  title =     {{FOIL: A Midterm Report}},
  booktitle = {European Conference on Machine Learning},
  number =    {667},
  publisher = {Springer},
  OPTeditor =    {P. Brazdil},
  pages =     {3--20},
  year =      {1993},
}
% ----- R -----
@InProceedings{Raedt-95,
  author =    {L. De Raedt and W. V. Laer},
  title =     {{Inductive Constraint Logic}},
  booktitle = {International Conference on Algorithmic Learning Theory},
  publisher = {Springer},
  pages =     {80--94},
  year =      {1995},
  OPTaddress =   {London, UK},
}

@Article{Raedt-97,
  author =  {L. De Raedt and L. Dehaspe},
  title =   {{Clausal Discovery}},
  journal = {Machine Learning},
  year =    {1997},
  volume =  {26},
  pages =   {99--146},
}

@InProceedings{Raedt-98,
  author =    {L. De Raedt},
  title =     {{Attribute Value Learning versus Inductive Logic Programming: The Missing Links}},
  booktitle = {Inductive Logic Programming},
  series =    {LNAI},
  number =    {1446},
  OPTeditor =    {D. Page},
  publisher = {Springer},
  pages =     {1--8},
  year =      {1998},
}

@InProceedings{Raimundo-10,
  author =    {J. Raimundo and R. Rocha},
  title =     {{Compact Lists for Tabled Evaluation}},
  booktitle = {International Symposium on Practical Aspects of Declarative Languages},
  pages =     {249--263},
  number =    {5937},
  series =    {LNCS},
  publisher = {Springer},
  OPTeditor =    {M. Carro and R. Peña},
  OPTmonth =     {January},
  year =      {2010},
  OPTaddress =   {Madrid, Spain},
}

@InProceedings{Raimundo-11,
  author =    {J. Raimundo and R. Rocha},
  title =     {{A Subterm-Based Global Trie for Tabled Evaluation of Logic Programs}},
  booktitle = {Portuguese Conference on Artificial Intelligence},
  pages =     {239--253},
  number =    {7026},
  series =    {LNAI},
  publisher = {Springer},
  OPTeditor =    {L. Antunes and H. S. Pinto},
  OPTmonth =     {October},
  year =      {2011},
  OPTaddress =   {Lisboa, Portugal},
}

@InProceedings{Ramakrishna-97,
  author =    {Y. S. Ramakrishna and C. R. Ramakrishnan and I. V. Ramakrishnan and S. A. Smolka and T. Swift and D. S. Warren},
  title =     {{Efficient Model Checking Using Tabled Resolution}},
  booktitle = {Computer Aided Verification},
  pages =     {143--154},
  number =    {1254},
  series =    {LNCS},
  publisher = {Springer},
  OPTeditor =    {O. Grumberg},
  OPTmonth =     {June},
  year =      {1997},
  OPTaddress =   {Haifa, Israel},
}

@Article{Ramakrishnan-91,
  author =  {R. Ramakrishnan},
  title =   {{Magic Templates: A Spellbinding Approach To Logic Programs}},
  journal = {Journal of Logic Programming},
  year =    {1991},
  volume =  {11},
  number =  {3 \& 4},
  pages =   {189--216},
}

@InProceedings{Ramakrishnan-92,
  author =    {R. Ramakrishnan and D. Srivastava and S. Sudarshan},
  title =     {{CORAL: A Deductive Database Programming Language}},
  booktitle = {International Conference on Very Large Data Bases},             
  year =      {1992},
  OPTmonth =     {August},
  OPTaddress =   {Vancouver, Canada},
  publisher = {Morgan Kaufmann},
}

@Article{Ramakrishnan-95,
  author =  {R. Ramakrishnan and J. D. Ullman},
  title =   {{A Survey of Research on Deductive Database Systems}},
  journal = {Journal of Logic Programming},
  volume =  {23},
  number =  {2},
  pages =   {125--149},
  year =    {1995},
}

@InProceedings{RamakrishnanCR-00,
  author =    {C. R. Ramakrishnan and I. V. Ramakrishnan and S. Smolka and Y. Dong and X. Du and A. Roychoudhury and V. Venkatakrishnan},
  title =     {{XMC: A Logic-Programming-Based Verification Toolset}},
  booktitle = {International Conference on Computer Aided Verification},
  pages =     {576--580},
  year =      {2000},
  number =    {1855},
  series =    {LNCS},
  OPTaddress =   {Chicago, Illinois, USA},
  publisher = {Springer},
}

@InProceedings{RamakrishnanIV-95,
  author =    {I. V. Ramakrishnan and P. Rao and K. Sagonas and T. Swift and D. S. Warren},
  title =     {{Efficient Tabling Mechanisms for Logic Programs}},
  booktitle = {International Conference on Logic Programming},
  OPTaddress =   {Tokyo, Japan},
  publisher = {The MIT Press},
  pages =     {687--711},
  OPTmonth =     {June},
  year =      {1995},
}

@Article{RamakrishnanIV-99,
  author =  {I. V. Ramakrishnan and P. Rao and K. Sagonas and T. Swift and D. S. Warren},
  title =   {{Efficient Access Mechanisms for Tabled Logic Programs}},
  journal = {Journal of Logic Programming},
  pages =   {31--54},
  volume =  {38},
  number =  {1},
  OPTmonth =   {January},
  year =    {1999},
}

@Article{Ramesh-97,
  author =    {R. Ramesh and W. Chen},
  title  =    {{Implementation of Tabled Evaluation with Delaying in Prolog}},
  year =      {1997},
  journal =   {IEEE Transactions on Knowledge and Data Engineering},
  volume =    {9},
  number =    {4},
  pages =     {559--574},
  OPTmonth =     {July/August},
  publisher = {IEEE Computer Society},
}

@Article{Ranjan-99,
  author =  {D. Ranjan and E. Pontelli and G. Gupta},
  title =   {{The Complexity of Or-Parallelism}},
  journal = {New Generation Computing},
  year =    {1999},
  volume =  {17},
  number =  {3},
  pages =   {285--306},
}

@InProceedings{Rashid-10,
  author =    {H. Rashid and C. Novoa and A. Qasem},
  title =     {{An Evaluation of Parallel Knapsack Algorithms on
                  Multicore Architectures}},
  booktitle = {International Conference on Scientific Computing},
  pages =     {230--235},
  year =      {2010},
  OPTeditor =    {H. R. Arabnia and G. A. Gravvanis and L. D'Alotto
                  and J. F. Nystrom
               and A. M. G. Solo and W. Spataro and E. Tokgoz},
  OPTaddress =   {Las Vegas, Nevada, USA},
  OPTmonth =     {July},
  publisher = {CSREA Press},
}



@InProceedings{Rao-96,
  author =    {P. Rao and C. R. Ramakrishnan and I. V. Ramakrishnan},
  title =     {{A Thread in Time Saves Tabling Time}},
  booktitle = {Joint International Conference and
	       Symposium on Logic Programming},
  pages =     {112--126},
  year =      {1996},
  OPTaddress =   {Bonn, Germany},
  publisher = {The MIT Press},
}

@InProceedings{Rao-97,
  author =    {P. Rao and K. Sagonas and T. Swift and D. S. Warren and J. Freire},
  title =     {{XSB: A System for Efficiently Computing Well-Founded Semantics}},
  booktitle = {International Conference on 
               Logic Programming and Non-Monotonic Reasoning},
  pages =     {431--441},
  year =      {1997},
  number =    {1265},
  series =    {LNCS},
  OPTaddress =   {Dagstuhl, Germany},
  OPTmonth =     {July},
  publisher = {Springer},
}

@Book{Raynal-86,
  author =    {M. Raynal and D. Beeson},
  title =     {{Algorithms for Mutual Exclusion}},
  year =      {1986},
  publisher = {MIT Press},
}

@book{Reinders-07,
 author = {Reinders, James},
 title = {Intel Threading Building Blocks},
 year = {2007},
 OPTisbn = {9780596514808},
 edition = {First},
 publisher = {O'Reilly \& Associates, Inc.},
 address = {Sebastopol, CA, USA},
} 

@book{Reinders-07-book,
    author = {Reinders, James},
    publisher = {" O'Reilly Media, Inc."},
    title = {{Intel threading building blocks: outfitting C++ for
                  multi-core processor parallelism}},
    year = {2007}
}






@Article{Richards-95,
  author =  {B. Richards and R. Mooney},
  title =   {{Automated Refinement of First-Order Horn-Clause Domain Theories}},
  journal = {Machine Learning},
  volume =  {19},
  number =  {2},
  pages =   {95--131},
  year =    {1995},
}

@InProceedings{Riguzzi-10,
  author =    {F. Riguzzi and T. Swift},
  title =     {{Tabling and Answer Subsumption for Reasoning on Logic Programs with Annotated Disjunctions}},
  booktitle = {International Conference on Logic Programming, Technical Communications},
  pages =     {162--171},
  series =    {LIPIcs},
  OPTmonth =     {July},
  year =      {2010},
  volume =    {7},
  OPTeditor =    {M. Hermenegildo and T. Schaub},
  publisher = {Schloss Dagstuhl - Leibniz-Zentrum fuer Informatik},
  OPTaddress =   {Edinburgh, Scotland},
}

@Article{Robinson-65,
  author =  {J. A. Robinson},
  title  =  {{A Machine Oriented Logic Based on the Resolution Principle}},
  year =    {1965},
  journal = {Journal of the ACM},
  volume =  {12},
  number =  {1},
  pages =   {23--41},
  OPTmonth =   {January},
}

@PhdThesis{Rocha-PhD,
  author =  {R. Rocha},
  title =   {{On Applying Or-Parallelism and Tabling to Logic Programs}},
  school =  {Department of Computer Science, University of Porto},
  OPTmonth =   {November},
  year =    {2001},
  OPTaddress = {Porto, Portugal},
}

@InProceedings{Rocha-97,
  author =    {R. Rocha and F. Silva and V. {Santos Costa}},
  title =     {{On Applying Or-Parallelism to Tabled Evaluations}},
  booktitle = {International Workshop on Tabling in Logic Programming},
  pages =     {33--45},
  OPTmonth =     {June},
  year =      {1997},
  OPTaddress =   {Leuven, Belgium},
}

@InProceedings{Rocha-99a,
  author =    {R. Rocha and F. Silva and V. {Santos Costa}},
  title =     {{Or-Parallelism within Tabling}},
  booktitle = {International Workshop on Practical Aspects of Declarative Languages},
  pages =     {137--151},
  number =    {1551},
  series =    {LNCS},
  publisher = {Springer},
  OPTeditor =    {Gopal Gupta},
  OPTmonth =     {January},
  year =      {1999},
  OPTaddress =   {San Antonio, Texas, USA},
}

@InProceedings{Rocha-99b,
  author =    {R. Rocha and F. Silva and V. {Santos Costa}},
  title =     {{YapOr: an Or-Parallel Prolog System Based on Environment Copying}},
  booktitle = {Portuguese Conference on Artificial Intelligence},
  pages =     {178--192},
  number =    {1695},
  series =    {LNAI},
  publisher = {Springer},
  OPTeditor =    {Pedro Barahona and José J. Alferes},
  OPTmonth =     {September},
  year =      {1999},
  OPTaddress =   {Évora, Portugal},
}

@InProceedings{Rocha-00a,
  author =    {R. Rocha and F. Silva and V. {Santos Costa}},
  title =     {{YapTab: A Tabling Engine Designed to Support Parallelism}},
  booktitle = {Conference on Tabulation in Parsing and Deduction},
  pages =     {77--87},
  OPTmonth =     {September},
  year =      {2000},
  OPTaddress =   {Vigo, Spain},
}

@InProceedings{Rocha-00b,
  author =    {R. Rocha and F. Silva and V. {Santos Costa}},
  title =     {{A Tabling Engine for the Yap Prolog System}},
  booktitle = {APPIA-GULP-PRODE Joint Conference on Declarative Programming},
  OPTmonth =     {December},
  year =      {2000},
  OPTaddress =   {La Habana, Cuba},
}

@InProceedings{Rocha-01,
  author =    {R. Rocha and F. Silva and V. {Santos Costa}},
  title =     {{On a Tabling Engine That Can Exploit Or-Parallelism}},
  booktitle = {International Conference on Logic Programming},
  pages =     {43--58},
  number =    {2237},
  series =    {LNCS},
  publisher = {Springer},
  OPTeditor =    {Philippe Codognet},
  OPTmonth =     {November/December},
  year =      {2001},
  OPTaddress =   {Paphos, Cyprus},
}

@InProceedings{Rocha-02,
  author =    {R. Rocha and F. Silva and V. {Santos Costa}},
  title =     {{Achieving Scalability in Parallel Tabled Logic Programs}},
  booktitle = {International Parallel and Distributed Processing Symposium},
  publisher = {IEEE Computer Society},
  OPTmonth =     {April},
  year =      {2002},
  OPTaddress =   {Fort Lauderdale, Florida, USA},
}

@InProceedings{Rocha-03a,
  author =    {R. Rocha and F. Silva and R. Martins},
  title =     {{YapDss: an Or-Parallel Prolog System for Scalable Beowulf Clusters}},
  booktitle = {Portuguese Conference on Artificial Intelligence},
  pages =     {136--150},
  number =    {2902},
  series =    {LNAI},
  publisher = {Springer},
  OPTeditor =    {Fernando Moura Pires and Salvador Abreu},
  OPTmonth =     {December},
  year =      {2003},
  OPTaddress =   {Beja, Portugal},
}

@InProceedings{Rocha-03b,
  author =    {R. Rocha and F. Silva and V. {Santos Costa}},
  title =     {{A Tabling Engine Designed to Support Mixed-Strategy Evaluation}},
  booktitle = {Colloquium on Implementation of Constraint and LOgic Programming Systems},
  pages =     {33--44},
  OPTmonth =     {December},
  year =      {2003},
  OPTaddress =   {Mumbai, India},
}

@InProceedings{Rocha-04a,
  author =    {R. Rocha and F. Silva and V. {Santos Costa}},
  title =     {{Concurrent Table Accesses in Parallel Tabled Logic Programs}},
  booktitle = {International Euro-Par Conference},
  pages =     {662--670},
  number =    {3149},
  series =    {LNCS},
  publisher = {Springer},
  OPTeditor =    {Marco Danelutto and Domenico Laforenza and Marco Vanneschi},
  OPTmonth =     {August/September},
  year =      {2004},
  OPTaddress =   {Pisa, Italy},
}

@InProceedings{Rocha-04b,
  author =    {R. Rocha and F. Silva and V. {Santos Costa}},
  title =     {{Speculative Computations in Or-Parallel Tabled Logic Programs}},
  booktitle = {International Conference on Logic Programming},
  pages =     {254--268},
  number =    {3132},
  series =    {LNCS},
  publisher = {Springer},
  OPTeditor =    {Bart Demoen and Vladimir Lifschitz},
  OPTmonth =     {September},
  year =      {2004},
  OPTaddress =   {Saint-Malo, France},
}

@InProceedings{Rocha-04c,
  author =    {M. Ferreira and R. Rocha and S. Silva},
  title =     {{Comparing Alternative Approaches for Coupling Logic Programming with Relational Databases}},
  booktitle = {Colloquium on Implementation of Constraint and LOgic Programming Systems},
  pages =     {71--82},
  OPTmonth =     {September},
  year =      {2004},
  OPTaddress =   {Saint-Malo, France},
}

@InProceedings{Rocha-04d,
  author =    {M. Ferreira and R. Rocha},
  title =     {{The MyYapDB Deductive Database System}},
  booktitle = {European Conference on Logics in Artificial Intelligence},
  pages =     {710--713},
  number =    {3229},
  series =    {LNAI},
  publisher = {Springer},
  OPTeditor =    {José Júlio Alferes and João Leite},
  OPTmonth =     {September},
  year =      {2004},
  OPTaddress =   {Lisbon, Portugal},
}

@Article{Rocha-05a,
  author =    {R. Rocha and F. Silva and V. {Santos Costa}},
  title =     {{On applying or-parallelism and tabling to logic programs}},
  journal =   {Theory and Practice of Logic Programming},
  year =      {2005},
  volume =    {5},
  number =    {1 \& 2},
  pages =     {161--205},
  publisher = {Cambridge University Press},
}

@InProceedings{Rocha-05b,
  author =    {R. Rocha and Nuno A. Fonseca and V. {Santos Costa}},
  title =     {{On Applying Tabling to Inductive Logic Programming}},
  booktitle = {European Conference on Machine Learning},
  pages =     {707--714},
  number =    {3720},
  series =    {LNAI},
  publisher = {Springer},
  OPTeditor =    {J. Gama and R. Camacho and P. Brazdil and A. Jorge and L. Torgo},
  OPTmonth =     {October},
  year =      {2005},
  OPTaddress =   {Porto, Portugal},
}

@InProceedings{Rocha-05c,
  author =    {R. Rocha and F. Silva and V. {Santos Costa}},
  title =     {{Dynamic Mixed-Strategy Evaluation of Tabled Logic Programs}},
  booktitle = {International Conference on Logic Programming},
  pages =     {250--264},
  number =    {3668},
  series =    {LNCS},
  publisher = {Springer},
  OPTeditor =    {M. Gabbrielli and G. Gupta},
  OPTmonth =     {October},
  year =      {2005},
  OPTaddress =   {Sitges, Spain},
}

@InProceedings{Rocha-05d,
  author =    {R. Rocha and R. Lopes and F. Silva and V. {Santos Costa}},
  title =     {{IMPACT: Innovative Models for Prolog with Advanced Control and Tabling}},
  booktitle = {International Conference on Logic Programming},
  pages =     {416--417},
  number =    {3668},
  series =    {LNCS},
  publisher = {Springer},
  OPTeditor =    {M. Gabbrielli and G. Gupta},
  OPTmonth =     {October},
  year =      {2005},
  OPTaddress =   {Sitges, Spain},
}

@InProceedings{Rocha-06a,
  author =    {R. Rocha},
  title =     {{Handling Incomplete and Complete Tables in Tabled Logic Programs}},
  booktitle = {International Conference on Logic Programming},
  pages =     {427--428},
  number =    {4079},
  series =    {LNCS},
  publisher = {Springer},
  OPTeditor =    {S. Etalle and M. Truszczy\'nski},
  OPTmonth =     {August},
  year =      {2006},
  OPTaddress =   {Seattle, Washington, USA},
}

@InProceedings{Rocha-06b,
  author =    {R. Rocha},
  title =     {{Efficient Support for Incomplete and Complete Tables in the YapTab Tabling System}},
  booktitle = {Colloquium on Implementation of Constraint and LOgic Programming Systems},
  pages =     {2--17},
  OPTeditor =    {E. Pontelli and Hai-Feng Guo},
  OPTmonth =     {August},
  year =      {2006},
  OPTaddress =   {Seattle, Washington, USA},
}

@InProceedings{Rocha-07a,
  author =    {R. Rocha},
  title =     {{On Improving the Efficiency and Robustness of Table Storage Mechanisms for Tabled Evaluation}},
  booktitle = {International Symposium on Practical Aspects of Declarative Languages},
  pages =     {155--169},
  number =    {4354},
  series =    {LNCS},
  publisher = {Springer},
  OPTeditor =    {M. Hanus},
  OPTmonth =     {January},
  year =      {2007},
  OPTaddress =   {Nice, France},
}

@InProceedings{Rocha-07b,
  author =    {R. Rocha and C. Silva and R. Lopes},
  title =     {{Implementation of Suspension-Based Tabling in Prolog using External Primitives}},
  booktitle = {Local Proceedings of the 13th Portuguese Conference on Artificial Intelligence},
  pages =     {11--22},
  OPTeditor =    {J. Neves and M. Santos and J. Machado},
  OPTmonth =     {December},
  year =      {2007},
  OPTaddress =   {Guimarães, Portugal},
}

@InProceedings{Roychoudhury-00,
  author =    {A. Roychoudhury and C. R. Ramakrishnan and I. V. Ramakrishnan},
  title =     {{Justifying Proofs Using Memo Tables}},
  booktitle = {ACM International Conference on Principles and Practice of Declarative Programming},
  pages =     {178--189},
  OPTmonth =     {September},
  year =      {2000},
  OPTaddress =   {Montreal, Canada},
  publisher = {ACM},
}
% ----- S -----
@PhdThesis{Sagonas-PhD,
  author =  {K. Sagonas},
  title =   {{The SLG-WAM: A Search-Efficient Engine for Well-Founded Evaluation of Normal Logic Programs}},
  school =  {Department of Computer Science, State University of New York},
  OPTmonth =   {August},
  year =    {1996},
  OPTaddress = {Stony Brook, USA},
}

@InProceedings{Sagonas-94,
  author =    {K. Sagonas and T. Swift and D. S. Warren},
  title =     {{XSB as an Efficient Deductive Database Engine}},
  booktitle = {ACM International Conference on the Management of Data},
  pages =     {442--453},
  OPTaddress =   {Minneapolis, Minnesota, USA},
  year =      {1994},
  publisher = {ACM},
}

@InProceedings{Sagonas-96,
  author =    {K. Sagonas and T. Swift and D. S. Warren},
  title =     {{An Abstract Machine for Computing the Well-Founded Semantics}},
  booktitle = {Joint International Conference and Symposium on Logic Programming},
  OPTaddress =   {Bonn, Germany},
  OPTmonth =     {September},
  year =      {1996},
  publisher = {The MIT Press},
  pages =     {274--288},
}

@Article{Sagonas-98,
  author =  {K. Sagonas and T. Swift},
  title =   {{An Abstract Machine for Tabled Execution of Fixed-Order Stratified Logic Programs}},
  journal = {ACM Transactions on Programming Languages and Systems},
  OPTmonth =   {May},
  year =    {1998},
  volume =  {20},
  number =  {3},
  pages =   {586--634}, 
}

@InProceedings{Sagonas-04,
  author =    {K. Sagonas and P. Stuckey},
  title =     {{Just Enough Tabling}},
  booktitle = {ACM International Conference on Principles and Practice of Declarative Programming},
  pages =     {78--89},
  year =      {2004},
  OPTeditor = 	 {Eugenio Moggi and David Scott Warren},
  OPTaddress = 	 {Verona, Italy},
  OPTmonth = 	 {August},
  publisher = {ACM},
}

@InProceedings{Saha-05,
  author =    {D. Saha and C. R. Ramakrishnan},
  title =     {{Incremental Evaluation of Tabled Logic Programs}},
  booktitle = {International Conference on Logic Programming},
  pages =     {235--249},
  number =    {3668},
  series =    {LNCS},
  publisher = {Springer},
  OPTeditor =    {M. Gabbrielli and G. Gupta},
  OPTmonth =     {October},
  year =      {2005},
  OPTaddress =   {Sitges, Spain},
}

@MastersThesis{Santos-msc,
  author =  {J. Santos},
  title =   {{Tabulação com Operadores de Modo em Programas Lógicos}},
  school =  {University of Porto},
  address = {Portugal},
  month =   {December},
  year =    {2010},
  type =    {{MSc Thesis}},
  note =    {In Portuguese},
}


@InProceedings{Santos-12,
  author =    {J. Santos and R. Rocha},
  title =     {{Mode-Directed Tabling and Applications in the YapTab System}},
  booktitle = {Symposium on Languages, Applications and Technologies},
  pages =     {25--40},
  OPTeditor =    {A. Simões and D. Cruz and R. Queirós},
  OPTmonth =     {June},
  year =      {2012},
  OPTaddress =   {Braga, Portugal},
}

@InProceedings{Santos-13,
  author =    {J. Santos and R. Rocha},
  title =     {{On the Efficient Implementation of Mode-Directed Tabling}},
  booktitle = {International Symposium on Practical Aspects of Declarative Languages},
  pages =     {141--156},
  number =    {7752},
  series =    {LNCS},
  publisher = {Springer},
  OPTeditor =    {K. Sagonas},
  OPTmonth =     {January},
  year =      {2013},
  OPTaddress =   {Rome, Italy},
}

@Article{Schaaser-92,
  author =    {L. T. Schaaser and B. T. Thomas},
  title =     {{Finding road lane boundaries for vision-guided vehicle navigation}},
  book =      {Vision-based vehicle guidance},
  pages =     {238--254},
  publisher = {Springer},
  OPTaddress =   {New York, NY, USA},
  year =      {1992},
}

@InProceedings{Scott-01,
  author =    {M. L. Scott and W. N. Scherer},
  title =     {{Scalable queue-based spin locks with timeout}},
  booktitle = {ACM Symposium on Principles and Practice of Parallel Programming},
  year =      {2001},
  OPTaddress =   {Snowbird, Utah, USA},
  pages =     {44--52},
  publisher = {ACM},
}

@InProceedings{Sebag-97,
  author =    {M. Sebag and C. Rouveirol},
  title =     {{Tractable Induction and Classification in First-Order Logic via Stochastic Matching}},
  booktitle = {International Joint Conference on Artificial Intelligence},
  publisher = {Morgan Kaufmann},
  pages =     {888--893},
  year =      {1997},
}

@Article{Shalev-06,
  author =    {O. Shalev and N. Shavit},
  title =     {{Split-Ordered Lists: Lock-Free Extensible Hash Tables}},
  journal =   {Journal of the ACM},
  volume =    {53},
  number =    {3},
  OPTmonth =     {May},
  year =      {2006},
  pages =     {379--405},
} 

@Article{Shapiro-89,
  author =    {E. Shapiro},
  title =     {{The Family of Concurrent Logic Programming Languages}},
  journal =   {ACM Computing Surveys},
  volume =    {21},
  number =    {3},
  year =      {1989},
  pages =     {413--510},
}

@Phdthesis{Shen-PhD,
  author = {K. Shen},
  title =  {{Studies of AND/OR Parallelism in Prolog}},
  school = {University of Cambridge},
  year =   {1992},
}

@InProceedings{Shen-92,
  author =    {K. Shen},
  title =     {{Exploiting Dependent And-parallelism in Prolog: The Dynamic Dependent And-Parallel Scheme (DDAS)}},
  booktitle = {Joint International Conference and Symposium on Logic Programming},
  publisher = {The MIT Press},
  year =      {1992},
  pages =     {717--731},
  OPTaddress =   {Washington, DC, USA},
}

@InProceedings{Shen-96,
  author =    {Wei-Min Shen and B. Leng},
  title =     {{Metapattern Generation for Integrated Data Mining}},
  booktitle = {Knowledge Discovery and Data Mining},
  pages =     {152--157},
  year =      {1996},
}

@InProceedings{Shvachko-10,
  author =    {K. Shvachko and H. Kuang and S. Radia and R. Chansler},
  title =     {{The Hadoop Distributed File System}},
  booktitle = {Symposium on Mass Storage Systems and Technologies},
  year =      {2010},
  pages =     {1--10},
  publisher = {IEEE Computer Society},
  OPTaddress =   {Nevada, USA},
}

@PhdThesis{Silva-PhD,
  author =  {F. Silva},
  title =   {{An Implementation of Or-Parallel Prolog on a Distributed Shared Memory Architecture}},
  school =  {Department of Computer Science, University of Manchester},
  year =    {1993},
  OPTaddress = {Manchester, England},
  OPTmonth =   {September},
}

@Article{Silva-00,
  author =    {F. Silva and P. Watson},
  title  =    {{Or-Parallel Prolog on a Distributed Memory Architecture}},
  year =      {2000},
  journal =   {Journal of Logic Programming},
  volume =    {43},
  number =    {2},
  pages =     {173--186},
  publisher = {North-Holland},
}

@MastersThesis{Silva-MSc,
  author =  {C. Silva},
  title =   {{On Applying Program Transformation to Implement Tabled Evaluation in Prolog}},
  school =  {University of Porto},
  OPTaddress = {Portugal},
  OPTmonth =   {March},
  year =    {2007},
}

@InProceedings{Sindaha-93,
  author =    {R. Sindaha},
  title=      {{Branch-Level Scheduling in Aurora: The Dharma Scheduler}},
  booktitle = {International Logic Programming Symposium},
  pages =     {403--419},
  year =      {1993},
  publisher = {The MIT Press},
}

@InProceedings{Singleton-93,
  author =    {P. Singleton and P. Brereton},
  title =     {{Storage and Retrieval of First-order Terms Using a Relational Database}},
  booktitle = {British National Conference on Databases},
  year =      {1993},
  number =    {696},
  publisher = {Springer},
  series    = {LNCS},
  pages =     {199--219},
  OPTmonth =     {July},
  OPTaddress =   {Keele, U.K.},
}

@InProceedings{Soares-05a,
  author =    {T. Soares and R. Rocha and M. Ferreira},
  title =     {{Pruning Extensional Predicates in Deductive Databases}},
  booktitle = {Colloquium on Implementation of Constraint and LOgic Programming Systems},
  pages =     {13--24},
  OPTeditor =    {C. Schulte and F. Silva and R. Rocha},
  OPTmonth =     {October},
  year =      {2005},
  OPTaddress =   {Sitges, Spain},
}

@TechReport{Soares-05b,
  author = 	{T. Soares and M. Ferreira and R. Rocha},
  title = 	{{The MYDDAS Programmer's Manual}},
  institution = {Department of Computer Science, University of Porto},
  year = 	{2005},
  number =	{DCC-2005-10},
}

@InProceedings{Soares-06a,
  author =    {T. Soares and R. Rocha and M. Ferreira},
  title =     {{Generic Cut Actions for External Prolog Predicates}},
  booktitle = {International Symposium on Practical Aspects of Declarative Languages},
  pages =     {16--30},
  number =    {3819},
  series =    {LNCS},
  publisher = {Springer},
  OPTeditor =    {P. Van Hentenryck},
  OPTmonth =     {January},
  year =      {2006},
  OPTaddress =   {Charleston, South Carolina, USA},
}

@InProceedings{Soares-06b,
  author =    {T. Soares and M. Ferreira and R. Rocha and N. A. Fonseca},
  title =     {{On Applying Deductive Databases to Inductive Logic Programming: a Performance Study}},
  booktitle = {Colloquium on Implementation of Constraint and LOgic Programming Systems},
  pages =     {80--94},
  OPTeditor =    {E. Pontelli and Hai-Feng Guo},
  OPTmonth =     {August},
  year =      {2006},
  OPTaddress =   {Seattle, Washington, USA},
}

@InProceedings{Somogyi-06,
  author =    {Z. Somogyi and K. Sagonas},
  title =     {{Tabling in Mercury: Design and Implementation}},
  booktitle = {International Symposium on Practical Aspects of Declarative Languages},
  pages =     {150--167},
  number =    {3819},
  series =    {LNCS},
  publisher = {Springer},
  OPTeditor =    {P. Van Hentenryck},
  OPTmonth =     {January},
  year =      {2006},
  OPTaddress =   {Charleston, South Carolina, USA},
}

@InProceedings{Srinivasan-94,
  author =    {A. Srinivasan and S. Muggleton and R.D. King and M.J.E. Sternberg},
  title =     {{Mutagenesis: ILP experiments in a non-determinate biological domain}},
  booktitle = {International Workshop on Inductive Logic Programming},
  pages =     {217--232},
  series =    {GMD-Studien},
  OPTeditor = {S. Wrobel},
  volume =    {237},
  year =      {1994},
}

@Article{Srinivasan-99,
  author =  {A. Srinivasan},
  title =   {{A study of two sampling methods for analysing large datasets with ILP}},
  year =    {1999},
  journal = {Data Mining and Knowledge Discovery},
  volume =  {3},
  number =  {1},
  pages =   {95--123},
}

@InProceedings{Srinivasan-05,
  author =    {A. Srinivasan and R. Kothari},
  title =     {{A Study of Applying Dimensionality Reduction to Restrict the Size of a Hypothesis Space}},
  booktitle = {International Conference on Inductive Logic Programming},
  series =    {LNAI},
  number =    {3625},
  publisher = {Springer},
  year =      {2005},
  OPTeditor =    {Stefan Kramer and Bernhard Pfahringer},
  pages =     {348--365},
  OPTmonth =     {August},
  OPTaddress =   {Bonn, Germany},
}

@Article{Srinivasan-11,
  author =  {A. Srinivasan and T. A. Faruquie and S. Joshi},
  title =   {{Data and task parallelism in ILP using MapReduce}},
  journal = {Machine Learning},
  number =  {1},
  pages =   {141--168},
  volume =  {86},
  year =    {2012},
}

@Book{Sterling-94,
  author =    {L. Sterling and E. Shapiro},
  title =     {{The Art of Prolog}},
  publisher = {The MIT Press},
  year =      {1994},
}

@Book{Stevens-92,
  author =    {W. R. Stevens},
  title =     {{Advanced Programming in the UNIX Environment}},
  publisher = {Addison-Wesley},
  year =      {1992},
}

@Article{Stivala-10,
  author =    {A. Stivala and P. Stuckey and M. Garcia de la Banda and
                  M. Hermenegildo and A. Wirth},
  title =     {{Lock-Free Parallel Dynamic Programming}},
  journal =   {Journal of Parallel and Distributed Computing},
  year =      {2010},
  volume =    {70},
  number =    {8},
  pages =     {839--848},
} 

@article{Sundell-09,
 author = {Sundell, Hakan and Tsigas, Philippas},
 title = {{NOBLE: Non-blocking Programming Support via Lock-free Shared
                  Abstract Data Types}},
 journal = {SIGARCH Comput. Archit. News},
 issue_date = {December 2008},
 volume = {36},
 number = {5},
 year = {2009},
 pages = {80--87},
 numpages = {8},
 publisher = {ACM},
 OPTaddress = {New York, NY, USA},
} 

@PhdThesis{Swift-PhD,
  author =  {T. Swift},
  title =   {{Efficient Evaluation of Normal Logic Programs}},
  school =  {Department of Computer Science, State University of New York},
  OPTmonth =   {December},
  year =    {1994},
  OPTaddress = {Stony Brook, USA},
}

@InProceedings{Swift-94a,
  author =    {T. Swift and D. S. Warren},
  title =     {{Analysis of SLG-WAM Evaluation of Definite Programs}},
  booktitle = {International Logic Programming Symposium},
  pages =     {219--235},
  year =      {1994},
  OPTaddress =   {Ithaca, New York},
  OPTmonth =     {November},
  publisher = {The MIT Press},
}

@InProceedings{Swift-94b,
  author =    {T. Swift and D. S. Warren},
  title =     {{An abstract machine for SLG resolution: Definite Programs}},
  booktitle = {International Logic Programming Symposium},
  pages =     {633--652},
  year =      {1994},
  OPTaddress =   {Ithaca, New York},
  OPTmonth =     {November},
  publisher = {The MIT Press},
}

@InProceedings{Swift-10,
  author =    {T. Swift and D. S. Warren},
  title =     {{Tabling with Answer Subsumption: Implementation, Applications and Performance}},
  booktitle = {European Conference on Logics in Artificial Intelligence},
  pages =     {300--312},
  number =    {6341},
  series =    {LNAI},
  publisher = {Springer},
  OPTeditor =    {T. Janhunen and I. Niemelä},
  OPTmonth =     {September},
  year =      {2010},
  OPTaddress =   {Helsinki, Finland},
}

@Article{Swift-12,
  author =  {T. Swift and D. S. Warren},
  title =   {{XSB: Extending Prolog with Tabled Logic Programming}},
  journal = {Theory and Practice of Logic Programming},
  pages =   {157--187},
  volume =  {12},
  number =  {1 \& 2},
  year =    {2012},
}

@InProceedings{Szeredi-89,
  author =    {P. Szeredi},
  title =     {{Performance Analysis of the Aurora Or-Parallel Prolog System}},
  booktitle = {North American Conference on Logic Programming},
  publisher = {The MIT Press},
  year =      {1989},
  pages =     {713--732},
  OPTmonth =     {October},
}

@Inproceedings{Szeredi-91,
  author =    {P. Szeredi},
  title =     {{Using Dynamic Predicates in an Or-Parallel Prolog System}},
  booktitle = {International Logic Programming Symposium},
  publisher = {The MIT Press},
  year =      {1991},
  pages =     {355--371}, 
  OPTmonth =     {October},
}

@InProceedings{Szeredi-96,
  author =    {P. Szeredi and Z. Farkas},
  title =     {{Handling large knowledge bases in parallel Prolog}},
  booktitle = {Workshop on High Performance Logic Programming Systems, European Summer School on Logic, Language, and Information},
  year =      {1996},
  OPTmonth =     {August},
}
% ----- T -----
@InProceedings{Tamaki-86,
  author =    {H. Tamaki and T. Sato},
  title =     {{OLD Resolution with Tabulation}},
  booktitle = {International Conference on Logic Programming},
  pages =     {84--98},
  year =      {1986},
  number =    {225},
  series =    {LNCS},
  OPTaddress =   {London, UK},
  publisher = {Springer},
  OPTmonth =     {July},
}

@Article{Tarjan-72,
  author =  {Tarjan, R. E.},
  title =   {{Depth-First Search and Linear Graph Algorithms}},
  journal = {SIAM Journal on Computing},
  year =    {1972},
  volume =  {1},
  number =  {2},
  pages =   {146--160},
}

@book{Tick-87,
  author =    {E. Tick},
  title	=     {{Memory Performance of Prolog Architectures}},
  publisher = {Kluwer Academic Publishers},
  year =      {1987},
}

@Book{Tick-91,
  author =    {E. Tick},
  title =     {{Parallel Logic Programming}},
  publisher = {The MIT Press},
  year =      {1991},
}

@InProceedings{Triplett-11,
  author =    {J. Triplett and P. E. McKenney and J. Walpole},
  title =     {{Resizable, Scalable, Concurrent Hash Tables via Relativistic Programming}},
  booktitle = {USENIX Annual Technical Conference},
  year =      {2011},
  OPTaddress =   {Portland, Oregon, USA},
  pages =     {11--11},
  publisher = {USENIX Association},
  OPTmonth =     {June},
} 


@article{Tsigas-01,
 author = {Tsigas, Philippas and Zhang, Yi},
 title = {Evaluating the Performance of Non-blocking Synchronization
                  on Shared-memory Multiprocessors},
 journal = {SIGMETRICS Perform. Eval. Rev.},
 volume = {29},
 number = {1},
 year = {2001},
 pages = {320--321},
 numpages = {2},
 publisher = {ACM},
 OPTaddress = {New York, NY, USA},
} 


@Book{Tenenbaum-90,
  author =    {Tenenbaum, Aaron M. and Langsam, Yedidyah and
                  Augenstein, Moshe J.},
  title =     {{Data Structures Using C}},
  publisher = {Prentice Hall},
  year =      {1990},
}


@InProceedings{Tsur-86,
  author =    {S. Tsur and C. Zaniolo},
  title =     {{LDL: A Logic-Based Data Language}},
  booktitle = {International Conference on Very Large Data Bases},
  pages =     {33--41},
  OPTeditor =    {Wesley W. Chu and Georges Gardarin and Setsuo Ohsuga and Yahiko Kambayashi},
  year =      {1986},
  OPTmonth =     {August},
  OPTaddress =   {Kyoto, Japan},
  publisher = {Morgan Kaufmann},
}
% ----- U -----
@Book{Ulf-95,
  author =    {Nilsson Ulf and Jan M.},
  title =     {{Logic, Programming and Prolog}},
  publisher = {John Wiley and Sons},
  address =   {Sweden},
  year =      {1995},
}

@Book{Ullman-89,
  author =    {Jeffrey D. Ullman},
  title =     {{Principles of Database and Knowledge-Base Systems}},
  publisher = {Computer Science Press},
  year =      {1989},
  OPTaddress =   {Rockville, Maryland, USA},
}
% ----- V -----
@TechReport{Vaghani-93,
  author =      {J. Vaghani and K. Ramamohanarao and D. Kemp and Z. Somogyi and P. Stuckey and T. Leask and J. Harland},
  title =       {{The Aditi Deductive Database System}},
  institution = {School of Information Technology and Electrical Engineering},
  year =        {1993},
  number =      {93/10},
  address =     {Univ. of Melbourne},
  OPTmonth =       {April},
}

@inproceedings{Valois-95,
 author = {Valois, John D.},
 title = {Lock-free Linked Lists Using Compare-and-swap},
 booktitle = {Proceedings of the Fourteenth Annual ACM Symposium on
                  Principles of Distributed Computing},
 series = {PODC '95},
 year = {1995},
 pages = {214--222},
 numpages = {9},
 publisher = {ACM},
 OPTaddress = {New York, NY, USA},
} 


@inproceedings{Nethercote-07,
 author = {Nethercote, Nicholas and Seward, Julian},
 title = {Valgrind: A Framework for Heavyweight Dynamic Binary
                  Instrumentation},
 booktitle = {Proceedings of the 2007 ACM SIGPLAN Conference on
                  Programming Language Design and Implementation},
 series = {PLDI '07},
 year = {2007},
 location = {San Diego, California, USA},
 pages = {89--100},
 publisher = {ACM},
 address = {New York, NY, USA},
} 


@Phdthesis{VanRoy-PhD,
  author = {P. Van Roy},
  title =  {{Can Logic Programming Execute as Fast as Imperative Programming?}},
  school = {University of California at Berkeley},
  year =   {1990},
  OPTmonth =  {November},
}

@Article{Vieille-89,
  author =  {L. Vieille},
  title =   {{Recursive Query Processing: The Power of Logic}},
  journal = {Theoretical Computer Science},
  year =    {1989},
  volume =  {69},
  number =  {1},
  pages =   {1--53},
  OPTmonth =   {December},
}

@InProceedings{Vieira-12a,
  author =    {R. Vieira and R. Rocha and F. Silva},
  title =     {{Or-Parallel Prolog Execution on Multicores Based on Stack Splitting}},
  booktitle = {International Workshop on Declarative Aspects and Applications of Multicore Programming},
  OPTpages =     {--},
  publisher = {ACM Digital Library},
  OPTeditor =    {V. Santos Costa},
  OPTmonth =     {January},
  year =      {2012},
  OPTaddress =   {Philadelphia, Pennsylvania, USA},
}

@InProceedings{Vieira-12b,
  author =    {R. Vieira and R. Rocha and F. Silva},
  title =     {{On Comparing Alternative Splitting Strategies for Or-Parallel Prolog Execution on Multicores}},
  booktitle = {Colloquium on Implementation of Constraint and LOgic Programming Systems},
  pages =     {71--85},
  OPTeditor =    {N. Angelopoulos and R. Bagnara},
  OPTmonth =     {September},
  year =      {2012},
  OPTaddress =   {Budapest, Hungary},
}

@InProceedings{Villaverde-01,
  author =    {K. Villaverde and E. Pontelli and H. Guo and G. Gupta},
  title =     {{PALS: An Or-Parallel Implementation of Prolog on Beowulf Architectures}},
  booktitle = {International Conference on Logic Programming},
  pages =     {27--42},
  year =      {2001},
  number =    {2237},
  series =    {LNCS},
  publisher = {Springer},
  OPTaddress =   {Paphos, Cyprus},
}

@InProceedings{Villaverde-03,
  author    = {K. Villaverde and E. Pontelli and H. Guo and G. Gupta},
  title     = {{A Methodology for Order-Sensitive Execution of Non-deterministic Languages on Beowulf Platforms}},
  booktitle = {International Euro-Par Conference},
  pages     = {694-703},
  year      = {2003},
  number    = {2790},
  series =    {LNCS},
  publisher = {Springer},
  OPTaddress =   {Klagenfurt, Austria},
}
% ----- W -----
@Article{Walker-93,
  author =  {A. Walker},
  title =   {{Backchain Iteration: Towards a practical inference method that is simple enough to be proved terminating, sound, and complete}},
  journal = {Journal of Automated Reasoning},
  year =    {1993},
  volume =  {11},
  number =  {1},
  pages =   {1--23},
  OPTmonth =   {August},
}

@TechReport{Wallace-97,
  author = 	{M. Wallace and S. Novello and J. Schimpf},
  title = 	{{ECLiPSe: A Platform for Constraint Logic Programming}},
  institution = {IC-Parc, Imperial College},
  year = 	{1997},
  OPTaddress = 	{London, UK},
}

@PhdThesis{Warren-PhD,
  author = {D. H. D. Warren},
  title =  {{Applied Logic -- Its Use and Implementation as a Programming Tool}},
  school = {Edinburgh University},
  year =   {1977},
}

@Article{Warren-77,
  author =  {D. H. D. Warren and L. M. Pereira and F. Pereira},
  title =   {{Prolog -- The Language and its Implementation Compared with Lisp}},
  year =    {1977},
  journal = {ACM SIGPLAN Notices},
  volume =  {12},
  number =  {8},
  pages =   {109--115},
}

@Article{Warren-82,
  author =  {D. H. D. Warren and F. Pereira},
  title	=   {{An Efficient, Easily Adaptable System For Interpreting Natural Language Queries}},
  journal = {American Journal of Computational Linguistics},
  volume =  {8},
  number =  {3--4},
  pages =   {110--122},
  year =    {1982},
}

@TechReport{Warren-83,
  author =      {D. H. D. Warren},
  title =       {{An Abstract Prolog Instruction Set}},
  institution = {SRI International},
  year =        {1983},
  type =        {Technical Note},
  number =      {309},
}

@InProceedings{Warren-87a,
  author =    {D. H. D. Warren},
  title =     {{Or-Parallel Execution Models of Prolog}},
  booktitle = {International Joint Conference on Theory and Practice of Software Development},
  year =      {1987},
  publisher = {Springer},
  number =    {250},
  series =    {LNCS},
  OPTaddress =   {Pisa, Italy},
  pages =     {243--259},	
  OPTmonth =     {March},
}

@InProceedings{Warren-87b,
  author =    {D. H. D. Warren},
  title =     {{The SRI Model for Or-Parallel Execution of Prolog -- Abstract Design and Implementation Issues}},
  booktitle = {International Logic Programming Symposium},
  pages =     {92--102},
  year =      {1987},
  publisher = {IEEE Computer Society},
  OPTaddress =   {San Francisco, California},
  OPTmonth =     {October},
}


@InProceedings{Warren-88,
  author =       {D. H. D. Warren},
  title =        {{Implementation of Prolog}},
  booktitle =    {5th International Conference and Symposium on Logic
                  Programming},
  OPTpages =     {92--102},
  year =         {1988},
  OPTpublisher = {IEEE Computer Society Press},
  Taddress =     {Seattle, WA},
  OPTmonth =     {October},
}



@InProceedings{WarrenDS-84,
  author =    {D. S. Warren},
  title =     {{Efficient Prolog Memory Management for Flexible Control Strategies}},
  booktitle = {International Logic Programming Symposium},
  publisher = {IEEE Computer Society},
  OPTaddress =   {Atlantic City},
  pages =     {198--203},	
  year =      {1984},
  OPTmonth =     {February},
}

@Article{WarrenDS-92,
  author =    {D. S. Warren},
  title =     {{Memoing for Logic Programs}},
  journal =   {Communications of the ACM},
  volume =    {35},
  number =    {3},
  year =      {1992},
  pages =     {93--111},
}

@TechReport{WarrenDS-99,
  author = 	{D. S. Warren},
  title = 	{{Programming in Tabled Prolog}},
  institution = {Department of Computer Science, State University of New York},
  year = 	{1999},
  OPTnumber = 	{},
  OPTaddress = {Stony Brook, USA},
  OPTmonth = 	{July},
  url = 	{http://www.cs.sunysb.edu/~warren/xsbbook/book.html},
}

@InProceedings{Weber-97,
  author =    {I. Weber},
  title =     {{Discovery of First-Order Regularities in a Relational Database Using Offline Candidate Determination}},
  booktitle = {International Workshop on Inductive Logic Programming},
  year =      {1997},
  pages =     {288--295},
  publisher = {Springer},
  OPTaddress =   {London, UK},
}

@InProceedings{Wielemaker-03,
  author =    {J. Wielemaker},
  title =     {{Native Preemptive Threads in SWI-Prolog}},
  booktitle = {International Conference on Logic Programming},
  pages =     {331--345},
  number =    {2916},
  series =    {LNCS},
  publisher = {Springer},
  OPTeditor =    {C. Palamidessi},
  OPTmonth =     {December},
  year =      {2003},
  OPTaddress =   {Mumbai, India},
}

@Article{Wielemaker-12,
  author =    {J. Wielemaker and T. Schrijvers and M. Triska and T. Lager},
  title =     {{SWI-Prolog}},
  journal =   {Journal of Theory and Practice of Logic Programming},
  pages =     {67--96},
  volume =    {12},
  number =    {1 \& 2},
  year =      {2012},
}

@InCollection{Wrobel-01,
  author =    {S. Wrobel},
  title =     {{Inductive Logic Programming for Knowledge Discovery in Databases}},
  booktitle = {Relational Data Mining},
  OPTeditor =    {Saso Dzeroski and Nada Lavrac},
  publisher = {Springer},
  pages =     {74--101},
  OPTmonth =     {September},
  year =      {2001},
}
% ----- X -----
% ----- Y -----
@Inproceedings{Yang-93,
  author =    {R. Yang and A. Beaumont and I. Dutra and V. {Santos Costa} and D. H. D. Warren},
  title =     {{Performance of the Compiler-based Andorra-I System}},
  booktitle = {International Conference on Logic Programming},
  publisher = {The MIT Press},
  pages =     {150--166},
  year =      {1993}, 
  OPTmonth =     {June},
}

@Inproceedings{Yang-00,
  author =    {G. Yang and M. Kifer},
  title =     {{Flora: Implementing an Efficient Dood System using a Tabling Logic Engine}},
  booktitle = {Computational Logic},
  number =    {1861},
  series =    {LNCS},
  publisher = {Springer},
  pages =     {1078--1093},
  OPTmonth =     {June},
  year =      {2000}, 
  OPTaddress =   {London, UK},
}

@Article{YiShen-01,
  author =  {Yi-Dong Shen and Li-Yan Yuan and Jia-Huai You and Neng-Fa Zhou},
  title =   {{Linear Tabulated Resolution Based on Prolog Control Strategy}},
  journal = {Theory and Practice of Logic Programming},
  year =    {2001},
  volume =  {1},
  number =  {1},
  pages =   {71--103},
}
% ----- Z -----
@InProceedings{Zhou-00,
  author =    {Neng-Fa Zhou and Yi-Dong Shen and Li-Yan Yuan and Jia-Huai You},
  title =     {{Implementation of a Linear Tabling Mechanism}},
  pages =     {109--123},
  booktitle = {Practical Aspects of Declarative Languages},
  publisher = {Springer},
  series =    {LNCS},
  number =    {1753},
  year =      {2000},
  OPTaddress =   {Boston, MA, USA},
  OPTmonth =     {January},
}

@Article{Zhou-01a,
  author =  {Yi-Dong Shen and Li-Yan Yuan and Jia-Huai You and Neng-Fa Zhou},
  title =   {{Linear Tabulated Resolution Based on Prolog Control Strategy}},
  journal = {Theory and Practice of Logic Programming},
  year =    {2001},
  volume =  {1},
  number =  {1},
  pages =   {71--103},
}

@Article{Zhou-01b,
  author =  {Neng-Fa Zhou and Yi-Dong Shen and Li-Yan Yuan and Jia-Huai You},
  title =   {{Implementation of a Linear Tabling Mechanism}},
  journal = {Journal of Functional and Logic Programming},
  year =    {2001},
  volume =  {2001},
  number =  {10},
}

@Article{Zhou-08,
  author =    {Neng-Fa Zhou and T. Sato and Yi-Dong Shen},
  title =     {{Linear Tabling Strategies and Optimizations}},
  journal =   {Theory and Practice of Logic Programming},
  volume =    {8},
  number =    {1},
  year =      {2008},
  pages =     {81--109},
  publisher = {Cambridge University Press},
  OPTaddress =   {New York, NY, USA},
}

@InProceedings{Zhou-10,
  author =    {Neng-Fa Zhou and Y. Kameya and T. Sato},
  title =     {{Mode-Directed Tabling for Dynamic Programming, Machine Learning, and Constraint Solving}},
  booktitle = {IEEE International Conference on Tools with Artificial Intelligence},
  year =      {2010},
  pages =     {213--218},
  volume =    {2},
  OPTmonth =     {October},
  publisher = {IEEE Computer Society},
  OPTaddress =   {Arras, France},
}

@Article{Zhou-12,
  author =    {Neng-Fa Zhou},
  title =     {{The Language Features and Architecture of B-Prolog}},
  journal =   {Journal of Theory and Practice of Logic Programming},
  pages =     {189--218},
  volume =    {12},
  number =    {1 \& 2},
  year =      {2012},
}


@Article{Zhou-12b,
  author =   {Neng-Fa Zhou and Christian Theil Have},
  title =    {{Efficient Tabling of Structured Data with Enhanced Hash-Consing}},
  journal =  {Journal of Theory and Practice of Logic Programming,
               International Conference on Logic Programming, Special Issue},
  pages =    {547-563},
  volume =    {12},
  number =    {4 \& 5},
  OPTmonth =     {September},
  year =      {2012},
}


@article{Zobel-01,
    author = {Zobel, Justin and Heinz, Steffen and Williams, Hugh E.},
    journal = {Inf. Process. Lett.},
    number = {6},
    pages = {271--277},
    publisher = {Elsevier North-Holland, Inc.},
    title = {{In-memory hash tables for accumulating text
                  vocabularies}},
    volume = {80},
    year = {2001}
}



@InProceedings{Zou-04,
  author =    {Y. Zou and T. W. Finin and H. Chen},
  title =     {{F-OWL: An Inference Engine for Semantic Web}},
  booktitle = {International Workshop on Formal Approaches to Agent-Based Systems},
  year =      {2004},
  pages =     {238--248},
  volume =    {3228},
  OPTmonth =     {April},
  publisher = {Springer},
  series =    {LNCS},
  OPTaddress =   {Greenbelt, MD, USA},
}
% ----- Systems -----
@Manual{system-aleph,
  author = {A. Srinivasan},
  title =  {{The Aleph Manual}},
  year =   {2004},
  url =    {http://www.cs.ox.ac.uk/activities/machlearn/Aleph},
}

@Manual{system-als,
  author = {K. Bowen},
  title =  {{ALS Prolog User's Manual}},
  url =    {http://www.als.com},
}

@Manual{system-bprolog,
  author = {Neng-Fa Zhou},
  title =  {{B-Prolog User's Manual}},
  url =    {http://www.probp.com},
}

@Manual{system-ciao,
  author = {F. Bueno and D. Cabeza and M. Carro and M. V. Hermenegildo and P. López and G. Puebla},
  title =  {{Ciao Prolog System Manual}},
  url =    {http://clip.dia.fi.upm.es/Software/Ciao},
}


@Misc{system-intelVTune,
  title =  {{Intel VTune Performance Analyzer}},
  note = "Available: {http://software.intel.com/en-us/intel-vtune/}",
}


@Misc{system-hoard,
  author =  {E. D. Berger},
  title =  {{Hoard The Memory Allocator}},
  note = "Available: {http://www.hoard.org/}",
}


@Misc{system-ctries,
  title =  {{Ctrie Data Structure}},
  note = "Available: {https://github.com/axel22/Ctries}",
}

@Misc{system-lam,
  title =  {{LAM/MPI Parallel Computing}},
  url =    {http://www.lam-mpi.org},
}

@Misc{system-logtalk,
  author = {P. Moura},
  title =  {Logtalk},
  url =    {http://logtalk.org},
}

@Manual{system-mercury,
  author = {Z. Somogyi and K. Sagonas},
  title =  {{Mercury User's Manual}},
  url =    {http://www.mercury.cs.mu.oz.au/index.html},
}


@Manual{Levon-04,
  author = {Levon, John},
  title = {OProfile Manual},
  organization = {Victoria University of Manchester},
  year=2004,
  note = "Available: {http://oprofile.sourceforge.net/doc/index.html}",
}


@Book{system-mysql,
  author =    {M. Widenius and D. Axmark},
  title =     {{MySQL Reference Manual: Documentation from the Source}},
  publisher = {O'Reilly Community Press},
  OPTaddress =   {Cambridge},
  year =      {2002},
}

@Techreport{system-sicstus,
  author =      {M. Carlsson and J. Widen},
  title =       {{SICStus Prolog User's Manual}},
  institution = {Swedish Institute of Computer Science},
  year =        {1988},
  OPTmonth =       {October},
  type =        {{SICS Research Report R88007B}},
}

@Manual{system-swi,
  author = {Jan Wielemaker},
  title =  {{SWI-Prolog Reference Manual}},
  url =    {http://www.swi-prolog.org},
}

@Misc{system-xmc,
  author = {C. R. Ramakrishnan and I. V. Ramakrishnan and S. A. Smolka and T. Swift and D. S. Warren},
  title =  {{LMC: The Logic-Based Model Checking Project}},
  url =    {http://www.cs.sunysb.edu/~lmc},
}

@Manual{system-xsb,
  author = {K. Sagonas and D. S. Warren and T. Swift and P. Rao and S. Dawson and J. Freire and E. Johnson and B. Cui and M. Kifer and B. Demoen and L. F. Castro},
  title =  {{XSB Programmers' Manual}},
  url =    {http://xsb.sourceforge.net},
}

@Manual{system-yap,
  author = {V. {Santos Costa} and L. Damas and R. Reis and R. Azevedo},
  title =  {{YAP User's Manual}},
  url =    {http://www.dcc.fc.up.pt/~vsc/Yap},
}

@InBook{system-warmr,
  author =    {L. Dehaspe and H. Toironen},
  chapter =   {{Discovery of Relational Association Rules}},
  title =     {{Relational Data Mining}},
  year =      {2000},
  pages =     {189--208},
  publisher = {Springer},
}
% ----- Applications -----
@Inproceedings{ilp_application-carcinogenesis,
  author =    {A. Srinivasan and R. D. King and S. Muggleton and M. J. E. Sternberg},
  title =     {{Carcinogenesis Predictions Using ILP}},
  booktitle = {International Workshop on Inductive Logic Programming},
  number =    {1297},
  publisher = {Springer},
  OPTeditor =    {S. D\v{z}eroski and N. Lavra\v{c}},
  pages =     {273--287},
  year =      {1997},
}

@Misc{ilp_applications,
  author = {{Network~of~Excellence~in~Inductive~Logic~Programming~ILPnet2}},
  title =  {{ILP Applications}},
  url =    {http://www.cs.bris.ac.uk/~ILPnet2/Applications},
}

@InBook{ilp_application-mesh,
  author =    {B. Dolsak and I. Bratko and A. Jezernik},
  title =     {{Machine Learning, Data Mining and Knowledge Discovery: Methods and Applications}},
  chapter =   {Application of machine learning in finite element computation},
  publisher = {John Wiley and Sons},
  year =      {1997},
}

@InProceedings{ilp_application-mutagenesis,
  author =    {A. Srinivasan and S. Muggleton and R. D. King and M. J. E. Sternberg},
  title =     {{Mutagenesis: ILP experiments in a non-determinate biological domain}},
  booktitle = {Inductive Logic Programming},
  pages =     {217--232},
  year =      {1994},
  OPTeditor =    {S. Wrobel},
  volume =    {237},
  series =    {GMD-Studien},
}

@Article{ilp_application-pyrimidines,
  author =  {R. D. King and S. Muggleton and M. J. E. Sternberg},
  title =   {{Drug design by machine learning: The use of inductive logic programming to model the structure-activity relationships of trimethoprim analogues binding to dihydrofolate reductase}},
  journal = {National Academy of Sciences},
  year =    {1992},
  volume =  {89},
  number =  {3},
  pages =   {11322--11326},
}

@TechReport{ilp_application-train,
  author =      {D. Michie and S. Muggleton and D. Page and A. Srinivasan},
  title =       {{To the international computing community: A new East-West challenge}},
  institution = {Oxford University Computing Laboratory, Oxford, UK},
  year =        {1994},
}
% ----- Misc -----
@Misc{mpi_forum,
  author = {},
  title =  {{Message Passing Interface Forum}},
  url =    {http://www.mpi-forum.org},
} 

@Misc{ptmalloc,
  author = {W. Gloger},
  title =  {{Ptmalloc}},
  url =    {http://www.malloc.de/en/},
}

@Misc{tcmalloc,
  author = {S. Ghemawat and P. Menage},
  title =  {{TCMalloc: Thread-Caching Malloc}},
  url =    {http://goog-perftools.sourceforge.net/doc/tcmalloc.html},
}

@Misc{jemalloc,
  author = {Jason Evans},
  title =  {{JeMalloc}},
  url =    {http://www.canonware.com/jemalloc/ },
}


@Misc{dlmalloc,
  author = {Doug Lea},
  title =  {{A memory allocator}},
  url =    {http://gee.cs.oswego.edu/dl/html/malloc.html},
}

@misc{Doug-05,
    author = {Doug Lea},
    year = 2005,
    title = {Hash Table util.concurrent.{C}oncurrent{H}ash{M}ap,
                  revision 1.3, in {JSR-166}, the proposed {Java
                  Concurrency Package}}
}

@misc{JSR-166,
    posted-at = {2005},
    title = {The Java Concurrency Package ({JSR-166})}
}

